time,side,price,size,premium,tid,exchange
2025-10-14 19:59:58.662,M,662.5950,120,79511.40,0bd3ad4b,XADF
2025-10-14 19:59:58.280,M,662.5795,1,662.58,d6896373,XADF
2025-10-14 19:59:57.967,M,662.5990,1,662.60,1e62cd6d,XADF
2025-10-14 19:59:57.962,A,662.6097,1,662.61,ac48ee8f,XADF
2025-10-14 19:59:57.561,A,662.6390,1,662.64,34280854,XADF
2025-10-14 19:59:57.480,A,662.6585,1,662.66,cce55c7c,XADF
2025-10-14 19:59:57.347,M,662.6785,1,662.68,bd03a2ea,XADF
2025-10-14 19:59:57.347,A,662.6985,1,662.70,e7e5296c,XADF
2025-10-14 19:59:43.822,M,662.7050,8,5301.64,a09a3d4b,XADF
2025-10-14 19:59:42.452,A,662.7400,10,6627.40,0bc86efe,XADF
2025-10-14 19:59:39.121,M,662.7019,5,3313.51,4c15abe8,XADF
2025-10-14 19:59:33.041,M,662.7350,1,662.74,dba5ccef,XADF
2025-10-14 19:59:27.992,B,662.7000,1,662.70,6c0d23cb,XADF
2025-10-14 19:59:26.808,B,662.7000,50,33135.00,38146823,XADF
2025-10-14 19:59:24.746,M,662.7210,1,662.72,1140a68e,XADF
2025-10-14 19:59:20.260,A,662.7200,5,3313.60,61a2213b,XADF
2025-10-14 19:59:19.351,M,662.7000,1,662.70,afb6c47b,XADF
2025-10-14 19:59:18.200,M,662.6887,1,662.69,eb3255d0,XADF
2025-10-14 19:59:16.244,M,662.7185,1,662.72,1f34701a,XADF
2025-10-14 19:59:12.931,M,662.7350,1,662.74,c19b942b,XADF
2025-10-14 19:59:12.794,B,662.7000,5,3313.50,71559db1,XADF
2025-10-14 19:59:12.473,M,662.7387,1,662.74,66846e3c,XADF
2025-10-14 19:59:11.454,M,662.7650,100,66276.50,0de07d24,XADF
2025-10-14 19:59:08.781,M,662.7712,1,662.77,13398b4b,XADF
2025-10-14 19:59:08.780,M,662.7712,1,662.77,c4ba759d,XADF
2025-10-14 19:59:00.114,M,662.7315,1,662.73,53a0292c,XADF
2025-10-14 19:59:00.044,B,662.7010,1,662.70,13648a71,XADF
2025-10-14 19:58:54.755,M,662.6800,1,662.68,d85777db,XADF
2025-10-14 19:58:53.802,M,662.7000,10,6627.00,3dd1640b,XADF
2025-10-14 19:58:45.738,M,662.6910,1,662.69,98bf7ab9,XADF
2025-10-14 19:58:44.144,M,662.6712,1,662.67,5da52d01,XADF
2025-10-14 19:58:43.830,M,662.6712,1,662.67,ff0f2709,XADF
2025-10-14 19:58:43.533,M,662.6515,1,662.65,1ea8595f,XADF
2025-10-14 19:58:39.738,M,662.6407,1,662.64,35f9dce2,XADF
2025-10-14 19:58:39.044,M,662.6192,100,66261.92,2c59b001,XADF
2025-10-14 19:58:38.867,M,662.5715,10,6625.72,e3ec20aa,XADF
2025-10-14 19:58:38.713,M,662.5704,44,29153.10,cd7b9082,XADF
2025-10-14 19:58:33.475,M,662.5887,1,662.59,5b96481f,XADF
2025-10-14 19:58:32.865,M,662.5887,1,662.59,3fbcf61e,XADF
2025-10-14 19:58:31.712,M,662.5887,1,662.59,8a97e92d,XADF
2025-10-14 19:58:30.844,M,662.6187,1,662.62,a6f3d975,XADF
2025-10-14 19:58:29.295,M,662.6187,1,662.62,d960083d,XADF
2025-10-14 19:58:28.849,M,662.6390,1,662.64,7cc572d4,XADF
2025-10-14 19:58:28.389,M,662.6687,1,662.67,2825332d,XADF
2025-10-14 19:58:27.026,A,662.6792,1,662.68,bef02d62,XADF
2025-10-14 19:58:25.463,M,662.6895,1,662.69,d5182717,XADF
2025-10-14 19:58:24.795,M,662.6895,1,662.69,800528cf,XADF
2025-10-14 19:58:20.409,B,662.6900,1,662.69,b0f18c6d,XADF
2025-10-14 19:58:20.256,B,662.6900,48,31809.12,404a6a7b,XADF
2025-10-14 19:58:20.256,B,662.6900,52,34459.88,1a1007b2,XADF
2025-10-14 19:58:09.796,M,662.7050,1,662.70,1abfd00d,XADF
2025-10-14 19:58:08.593,B,662.6700,100,66267.00,823e979d,XADF
2025-10-14 19:58:05.218,M,662.6950,1,662.70,e4657ee5,XADF
2025-10-14 19:58:02.867,M,662.6992,1,662.70,66b23277,XADF
2025-10-14 19:58:02.552,A,662.7200,2,1325.44,e283713e,XADF
2025-10-14 19:58:01.722,M,662.7011,1,662.70,1f00c3d4,XADF
2025-10-14 19:57:49.683,M,662.7292,1,662.73,636b0a4c,XADF
2025-10-14 19:57:44.993,M,662.7392,1,662.74,a2822fa0,XADF
2025-10-14 19:57:44.992,M,662.7392,1,662.74,7d69e8a2,XADF
2025-10-14 19:57:41.437,B,662.7500,1,662.75,3e5edcae,XADF
2025-10-14 19:57:39.920,M,662.7892,1,662.79,c37aa3aa,XADF
2025-10-14 19:57:26.376,M,662.8087,1,662.81,7f8d5572,XADF
2025-10-14 19:57:22.780,M,662.8197,1,662.82,bdb6d77b,XADF
2025-10-14 19:57:18.637,M,662.8490,1,662.85,94c9e986,XADF
2025-10-14 19:57:07.156,M,662.8490,1,662.85,03b3eebe,XADF
2025-10-14 19:57:03.802,M,662.8792,1,662.88,a538d73e,XADF
2025-10-14 19:57:00.810,M,662.8890,1,662.89,f1da5568,XADF
2025-10-14 19:57:00.809,A,662.8987,1,662.90,715ed85f,XADF
2025-10-14 19:56:57.301,M,662.9350,1,662.94,a0573481,XADF
2025-10-14 19:56:34.376,M,662.9000,3,1988.70,4f77aa2c,XADF
2025-10-14 19:56:29.747,M,662.9300,1,662.93,1f0683f2,XADF
2025-10-14 19:56:23.411,M,662.9312,1,662.93,c2c5283c,XADF
2025-10-14 19:56:18.622,M,662.9596,1,662.96,ebbfa5a1,XADF
2025-10-14 19:56:10.971,A,662.9600,1,662.96,e2d63283,XADF
2025-10-14 19:56:09.370,M,662.8844,6,3977.31,2708ed95,XADF
2025-10-14 19:56:09.297,M,662.9569,20,13259.14,37d3de46,XADF
2025-10-14 19:55:55.652,M,662.8800,10,6628.80,30c835b9,XADF
2025-10-14 19:55:52.473,M,662.9300,1,662.93,ea6bf060,XADF
2025-10-14 19:55:51.326,A,662.9600,1,662.96,5df32eab,XADF
2025-10-14 19:55:50.609,M,662.9085,1,662.91,610ec7ea,XADF
2025-10-14 19:55:40.687,M,662.9317,1,662.93,401a69d2,XADF
2025-10-14 19:55:40.402,M,662.9550,1,662.96,3edff195,XADF
2025-10-14 19:55:39.755,B,662.9115,1,662.91,62e7a9b0,XADF
2025-10-14 19:55:39.486,M,662.8910,1,662.89,597d58f3,XADF
2025-10-14 19:55:37.861,M,662.8695,1,662.87,ba6511fd,XADF
2025-10-14 19:55:35.542,M,662.8750,1,662.88,85063814,XADF
2025-10-14 19:55:33.440,M,662.8890,1,662.89,77d49124,XADF
2025-10-14 19:55:33.440,M,662.8987,1,662.90,003626cd,XADF
2025-10-14 19:55:23.782,B,662.8800,1,662.88,9a2bc5f7,XADF
2025-10-14 19:55:16.070,M,662.9282,1,662.93,b067a99d,XADF
2025-10-14 19:55:15.427,A,662.9400,3,1988.82,93976397,XADF
2025-10-14 19:55:13.967,A,662.9500,1,662.95,e55b0391,XADF
2025-10-14 19:55:12.182,M,662.9490,1,662.95,8aede5eb,XADF
2025-10-14 19:55:11.504,A,663.0000,3,1989.00,db384add,XADF
2025-10-14 19:54:50.330,M,662.9700,5,3314.85,5a828af5,XADF
2025-10-14 19:54:40.327,M,662.9810,1,662.98,3fefeccf,XADF
2025-10-14 19:54:24.312,M,662.9650,1,662.96,d499490b,XADF
2025-10-14 19:54:20.201,B,662.9200,1,662.92,c1f0be51,XADF
2025-10-14 19:54:16.351,M,662.9490,1,662.95,0afd546d,XADF
2025-10-14 19:54:16.351,M,662.9490,1,662.95,02621da9,XADF
2025-10-14 19:54:08.566,M,662.9915,1,662.99,75b833b3,XADF
2025-10-14 19:54:07.910,B,662.9800,1,662.98,00aa17dc,XADF
2025-10-14 19:54:07.538,M,662.9712,1,662.97,f8f49f17,XADF
2025-10-14 19:54:06.921,M,662.9612,1,662.96,590357b1,XADF
2025-10-14 19:54:03.959,M,662.9310,1,662.93,3e9c7bfb,XADF
2025-10-14 19:53:45.307,M,662.9050,1,662.90,c650be63,XADF
2025-10-14 19:53:41.036,M,662.9107,1,662.91,d7d6c090,XADF
2025-10-14 19:53:25.047,M,662.8953,100,66289.53,396d6254,XADF
2025-10-14 19:53:20.059,M,662.8792,1,662.88,e810b70c,XADF
2025-10-14 19:53:18.131,M,662.8992,1,662.90,2add6a6e,XADF
2025-10-14 19:53:16.317,A,662.9300,5,3314.65,eec89277,XADF
2025-10-14 19:53:15.933,A,662.9300,25,16573.25,a1d06191,XADF
2025-10-14 19:53:11.359,M,662.9287,1,662.93,cbd3c616,XADF
2025-10-14 19:53:05.146,M,662.9799,30,19889.40,ba7e2e90,XADF
2025-10-14 19:52:55.326,B,662.9100,1,662.91,9cc5c344,XADF
2025-10-14 19:52:54.826,B,662.9100,1,662.91,b4728b06,XADF
2025-10-14 19:52:50.594,M,662.9350,1,662.94,2c331fac,XADF
2025-10-14 19:52:47.301,M,662.9350,1,662.94,be51b6d1,XADF
2025-10-14 19:52:45.703,M,662.9490,1,662.95,edd80c55,XADF
2025-10-14 19:52:42.282,M,662.9690,1,662.97,b008f758,XADF
2025-10-14 19:52:41.791,M,662.9787,1,662.98,03aa42af,XADF
2025-10-14 19:52:41.611,M,662.9796,1,662.98,ebd2f56a,XADF
2025-10-14 19:52:41.292,M,662.9787,1,662.98,64423416,XADF
2025-10-14 19:52:38.866,M,663.0087,1,663.01,0c9f89a1,XADF
2025-10-14 19:52:24.365,M,663.0285,1,663.03,119bb116,XADF
2025-10-14 19:52:21.911,M,663.0496,1,663.05,3c87d068,XADF
2025-10-14 19:52:20.176,M,663.0482,1,663.05,621cd494,XADF
2025-10-14 19:52:13.372,A,663.0500,5,3315.25,7c52d760,XADF
2025-10-14 19:52:13.186,M,663.0387,1,663.04,1a2f0734,XADF
2025-10-14 19:52:06.332,M,663.0700,1,663.07,4fb91da8,XADF
2025-10-14 19:51:56.465,M,663.0707,1,663.07,1ba9aa30,XADF
2025-10-14 19:51:56.465,M,663.0707,1,663.07,7eb01eb7,XADF
2025-10-14 19:51:54.746,B,663.0400,10,6630.40,94978fec,XADF
2025-10-14 19:51:45.869,M,663.0410,1,663.04,e3658255,XADF
2025-10-14 19:51:25.282,M,662.9907,32,21215.70,ec50de9f,XADF
2025-10-14 19:51:20.855,M,663.0095,1,663.01,6589ddae,XADF
2025-10-14 19:51:20.854,M,663.0095,1,663.01,c2ad50da,XADF
2025-10-14 19:51:12.518,M,663.0297,1,663.03,041bec86,XADF
2025-10-14 19:51:06.001,M,663.0387,1,663.04,6afdf82d,XADF
2025-10-14 19:51:04.026,M,663.0450,1,663.04,b6ea4f79,XADF
2025-10-14 19:50:58.016,M,663.0900,1,663.09,c4c4eb3c,XADF
2025-10-14 19:50:57.079,B,663.0600,1,663.06,25aa582f,XADF
2025-10-14 19:50:53.551,M,663.0707,1,663.07,8fcf8eea,XADF
2025-10-14 19:50:53.550,M,663.0707,1,663.07,148476cc,XADF
2025-10-14 19:50:53.549,B,663.0315,1,663.03,f016f0cf,XADF
2025-10-14 19:50:51.924,M,663.0550,1,663.06,353e6651,XADF
2025-10-14 19:50:41.228,M,663.0596,100,66305.96,817c7f36,XADF
2025-10-14 19:50:39.281,M,663.0210,1,663.02,82dac5b1,XADF
2025-10-14 19:50:09.707,M,662.9892,1,662.99,70973cb5,XADF
2025-10-14 19:50:09.706,M,663.0090,1,663.01,5acea2da,XADF
2025-10-14 19:50:09.015,A,663.0200,91,60334.82,495a5d78,XADF
2025-10-14 19:50:06.143,B,662.9700,3,1988.91,980da868,XADF
2025-10-14 19:50:06.121,M,662.9950,1,663.00,ad329c8d,XADF
2025-10-14 19:50:05.372,M,663.0142,10,6630.14,2808bd32,XADF
2025-10-14 19:50:03.051,M,663.0250,1,663.02,2526f1f5,XADF
2025-10-14 19:50:02.913,A,663.0600,3,1989.18,6e230fc2,XADF
2025-10-14 19:49:42.307,M,663.0687,1,663.07,ba28b91d,XADF
2025-10-14 19:49:35.380,B,663.0100,2,1326.02,01bdba5c,XADF
2025-10-14 19:49:15.106,A,663.0290,1,663.03,3ae9aca5,XADF
2025-10-14 19:49:12.617,A,663.0400,1,663.04,0943aa98,XADF
2025-10-14 19:49:10.471,M,663.0387,1,663.04,7528d000,XADF
2025-10-14 19:49:08.145,M,663.0687,1,663.07,a5d1f99b,XADF
2025-10-14 19:49:06.827,M,663.0700,1,663.07,0affaad2,XADF
2025-10-14 19:49:03.733,M,663.0890,1,663.09,3212a9e6,XADF
2025-10-14 19:49:02.056,M,663.1205,1,663.12,eac34296,XADF
2025-10-14 19:48:57.546,M,663.1150,1,663.12,186a12a9,XADF
2025-10-14 19:48:52.002,M,663.0950,1,663.10,432f9b74,XADF
2025-10-14 19:48:48.028,M,663.0902,1,663.09,e41fc072,XADF
2025-10-14 19:48:42.709,M,663.0800,1,663.08,9e3ec596,XADF
2025-10-14 19:48:36.908,M,663.0850,1,663.08,7af98e68,XADF
2025-10-14 19:48:36.173,M,663.0900,50,33154.50,c4861864,XADF
2025-10-14 19:48:33.900,M,663.0707,1,663.07,579cc51c,XADF
2025-10-14 19:48:30.447,M,663.0707,1,663.07,12a6fd8f,XADF
2025-10-14 19:48:18.340,M,663.0407,1,663.04,d235904c,XADF
2025-10-14 19:48:16.634,M,663.0687,1,663.07,6517e707,XADF
2025-10-14 19:48:16.273,M,663.0212,1,663.02,0ab9b7fd,XADF
2025-10-14 19:48:14.807,M,663.0150,1,663.02,9f53548e,XADF
2025-10-14 19:48:14.576,B,662.9900,4,2651.96,e4124803,XADF
2025-10-14 19:48:08.619,M,662.9910,1,662.99,f15fe181,XADF
2025-10-14 19:48:05.161,M,662.9704,30,19889.11,1eb5deb2,XADF
2025-10-14 19:48:04.717,B,662.9700,1,662.97,813adbdb,XADF
2025-10-14 19:48:02.307,M,662.9900,1,662.99,1c0c898f,XADF
2025-10-14 19:47:44.570,M,662.9712,1,662.97,622ec83b,XADF
2025-10-14 19:47:43.942,B,662.9515,1,662.95,5d243ab2,XADF
2025-10-14 19:47:30.076,M,662.9412,1,662.94,6e775fea,XADF
2025-10-14 19:47:16.410,M,662.9450,1,662.94,4de7179d,XADF
2025-10-14 19:47:12.483,M,662.9207,1,662.92,e47752ea,XADF
2025-10-14 19:47:10.724,M,662.9199,2,1325.84,4edf6e34,XADF
2025-10-14 19:47:09.925,M,662.8892,1,662.89,bd7b1c13,XADF
2025-10-14 19:46:59.438,M,662.9192,1,662.92,e58921fc,XADF
2025-10-14 19:46:56.655,M,662.9387,1,662.94,c4fe5011,XADF
2025-10-14 19:46:55.944,M,662.9595,1,662.96,605eba4e,XADF
2025-10-14 19:46:55.944,A,662.9790,1,662.98,31d4dd90,XADF
2025-10-14 19:46:53.985,A,662.9985,1,663.00,965ea2dc,XADF
2025-10-14 19:46:53.845,M,663.0196,8,5304.16,e89b5a68,XADF
2025-10-14 19:46:52.944,M,663.0185,1,663.02,d2bf09cd,XADF
2025-10-14 19:46:51.206,M,663.0396,1,663.04,980fedfe,XADF
2025-10-14 19:46:43.171,M,663.0387,1,663.04,a128a498,XADF
2025-10-14 19:46:43.169,A,663.0582,1,663.06,211c34f3,XADF
2025-10-14 19:46:30.316,M,663.0850,1,663.08,b345e591,XADF
2025-10-14 19:46:29.161,M,663.0902,1,663.09,8c88dc9c,XADF
2025-10-14 19:46:29.161,M,663.0902,1,663.09,608d77d0,XADF
2025-10-14 19:46:27.396,M,663.0750,1,663.08,18973266,XADF
2025-10-14 19:46:25.316,M,663.0707,1,663.07,46a63efe,XADF
2025-10-14 19:46:24.542,M,663.0407,1,663.04,46862b56,XADF
2025-10-14 19:46:23.510,M,663.0212,1,663.02,345418e9,XADF
2025-10-14 19:46:23.506,M,663.0012,1,663.00,3d9dce66,XADF
2025-10-14 19:46:10.159,M,662.9902,1,662.99,1de7a97f,XADF
2025-10-14 19:46:08.181,B,662.9400,1,662.94,cae8e0d5,XADF
2025-10-14 19:46:06.904,M,662.9707,1,662.97,9e252a24,XADF
2025-10-14 19:46:03.632,M,662.9700,1,662.97,60c64eca,XADF
2025-10-14 19:46:02.061,M,662.9512,1,662.95,a1754efc,XADF
2025-10-14 19:45:59.858,M,662.9400,1,662.94,51ab92db,XADF
2025-10-14 19:45:58.294,M,662.9201,2,1325.84,5b5f4aac,XADF
2025-10-14 19:45:49.888,M,662.9412,1,662.94,e1baa2a9,XADF
2025-10-14 19:45:48.029,A,662.9600,9,5966.64,8bf3ae7a,XADF
2025-10-14 19:45:45.722,M,662.9207,1,662.92,62f76cd2,XADF
2025-10-14 19:45:44.379,M,662.9496,1,662.95,6a6def13,XADF
2025-10-14 19:45:37.136,M,662.8987,1,662.90,333f55e0,XADF
2025-10-14 19:45:36.320,M,662.9187,1,662.92,5579de4f,XADF
2025-10-14 19:45:35.670,A,662.9600,1,662.96,5b3cc4f1,XADF
2025-10-14 19:45:35.506,M,662.9387,1,662.94,eeda97a6,XADF
2025-10-14 19:45:33.942,M,662.9585,1,662.96,84455215,XADF
2025-10-14 19:45:30.979,A,663.0000,1,663.00,cdee0525,XADF
2025-10-14 19:45:22.207,M,662.9850,1,662.98,a7adf4b6,XADF
2025-10-14 19:45:16.354,M,662.9802,1,662.98,376b4b39,XADF
2025-10-14 19:45:13.440,B,662.9607,1,662.96,d9190e15,XADF
2025-10-14 19:45:12.403,M,662.9650,1,662.96,f1ad064f,XADF
2025-10-14 19:45:05.775,M,662.9596,1,662.96,e0fd0823,XADF
2025-10-14 19:45:04.588,M,662.9395,1,662.94,09e57533,XADF
2025-10-14 19:45:01.277,M,662.9707,1,662.97,5f67448f,XADF
2025-10-14 19:44:52.780,M,662.9410,1,662.94,a7631be0,XADF
2025-10-14 19:44:52.264,M,662.9210,1,662.92,b32fb207,XADF
2025-10-14 19:44:33.343,M,662.9150,1,662.92,2f398fd1,XADF
2025-10-14 19:44:29.484,M,662.8912,43,28504.32,d7ad238f,XADF
2025-10-14 19:44:29.484,M,662.8912,167,110702.83,88613d64,XADF
2025-10-14 19:44:29.142,M,662.9100,1,662.91,5af887d4,XADF
2025-10-14 19:44:28.279,A,662.9600,8,5303.68,301f3361,XADF
2025-10-14 19:43:57.272,M,662.8890,1,662.89,5955dbae,XADF
2025-10-14 19:43:43.747,A,662.9200,1,662.92,5ee1c644,XADF
2025-10-14 19:43:39.013,M,662.9050,1,662.90,89e263b2,XADF
2025-10-14 19:43:20.819,B,662.9000,1,662.90,3d5534bb,XADF
2025-10-14 19:43:20.378,B,662.9000,1,662.90,fb7194bb,XADF
2025-10-14 19:43:09.578,B,662.9100,8,5303.28,acb9a3fc,XADF
2025-10-14 19:43:05.634,M,662.9212,1,662.92,1e6bd107,XADF
2025-10-14 19:43:05.595,M,662.9010,1,662.90,7741f321,XADF
2025-10-14 19:43:02.349,M,662.9150,1,662.92,fa3ca740,XADF
2025-10-14 19:42:59.167,B,662.8700,5,3314.35,d1a83870,XADF
2025-10-14 19:42:52.347,B,662.8600,50,33143.00,c96f2402,XADF
2025-10-14 19:42:44.979,A,662.9200,1,662.92,56ed4e78,XADF
2025-10-14 19:42:38.626,M,662.8950,1,662.90,9b646768,XADF
2025-10-14 19:42:19.934,A,662.9200,50,33146.00,a4a87a58,XADF
2025-10-14 19:42:13.723,M,662.8850,1,662.88,7148528c,XADF
2025-10-14 19:42:13.553,A,662.9200,3,1988.76,d46c8e53,XADF
2025-10-14 19:42:11.785,B,662.8700,1,662.87,08743eae,XADF
2025-10-14 19:42:11.700,M,662.8950,1,662.90,a5e734ef,XADF
2025-10-14 19:42:11.515,M,662.8950,1,662.90,b7916aee,XADF
2025-10-14 19:42:11.285,B,662.8700,1,662.87,a344f109,XADF
2025-10-14 19:41:55.956,M,662.8695,1,662.87,75e312c4,XADF
2025-10-14 19:41:55.401,A,662.9188,1,662.92,cde8a099,XADF
2025-10-14 19:41:52.611,M,662.9000,1,662.90,2f65ec9f,XADF
2025-10-14 19:41:52.486,B,662.8800,9,5965.92,fd05b3da,XADF
2025-10-14 19:41:52.250,M,662.8900,400,265156.00,e2f6ee8a,XADF
2025-10-14 19:41:49.271,M,662.8897,1,662.89,81d1914b,XADF
2025-10-14 19:41:49.190,B,662.8800,50,33144.00,30b4354f,XADF
2025-10-14 19:41:40.957,M,662.9195,1,662.92,c0be066c,XADF
2025-10-14 19:41:37.351,M,662.9200,1,662.92,2ed79beb,XADF
2025-10-14 19:41:37.119,A,662.9400,10,6629.40,6221b52b,XADF
2025-10-14 19:41:25.833,M,662.9200,1,662.92,bc934408,XADF
2025-10-14 19:41:14.459,A,662.9700,1,662.97,492eda54,XADF
2025-10-14 19:41:10.802,M,662.9390,1,662.94,7bfdf4bf,XADF
2025-10-14 19:41:10.772,A,662.9585,1,662.96,4973ddc3,XADF
2025-10-14 19:41:09.695,M,662.9350,1,662.94,3202283a,XADF
2025-10-14 19:41:09.575,A,662.9700,3,1988.91,d3ac3b6d,XADF
2025-10-14 19:41:03.641,M,662.9907,1,662.99,37c34801,XADF
2025-10-14 19:40:54.326,M,662.9710,1,662.97,00e964cf,XADF
2025-10-14 19:40:42.924,M,662.9350,1,662.94,d66217fa,XADF
2025-10-14 19:40:42.123,M,662.9390,1,662.94,05b9c060,XADF
2025-10-14 19:40:39.914,M,662.9597,1,662.96,2e60cffe,XADF
2025-10-14 19:40:39.618,B,662.9500,1,662.95,40fde804,XADF
2025-10-14 19:40:37.811,M,662.9896,15,9944.84,b3037662,XADF
2025-10-14 19:40:35.868,M,662.9700,2,1325.94,7dde6102,XADF
2025-10-14 19:40:31.636,A,663.0200,1,663.02,83a3cbaf,XADF
2025-10-14 19:40:17.619,M,662.9950,1,663.00,a30fa8a8,XADF
2025-10-14 19:40:16.194,B,662.9700,1,662.97,fea5dabc,XADF
2025-10-14 19:40:06.005,M,662.9950,1,663.00,67444ad0,XADF
2025-10-14 19:40:04.204,M,662.9522,100,66295.22,dc36561b,XADF
2025-10-14 19:40:00.828,M,662.9700,1,662.97,cb2ceeeb,XADF
2025-10-14 19:39:59.343,M,662.9695,1,662.97,90e6ca04,XADF
2025-10-14 19:39:50.381,M,662.9890,1,662.99,4e9a1871,XADF
2025-10-14 19:39:49.400,M,662.9850,1,662.98,e622023f,XADF
2025-10-14 19:39:43.541,M,663.0450,1,663.04,9ebca58c,XADF
2025-10-14 19:39:39.910,M,663.0450,1,663.04,bc787dcb,XADF
2025-10-14 19:39:35.570,M,663.0212,1,663.02,9217eb03,XADF
2025-10-14 19:39:35.043,M,663.0400,1,663.04,4f1b86f4,XADF
2025-10-14 19:39:34.918,A,663.0700,3,1989.21,a43045b7,XADF
2025-10-14 19:39:33.225,M,663.0400,1,663.04,4dd45bc9,XADF
2025-10-14 19:39:08.969,M,663.0000,300,198900.00,973d5e65,XADF
2025-10-14 19:39:08.589,M,663.0005,1,663.00,069c6636,XADF
2025-10-14 19:39:08.409,M,662.9850,1,662.98,f2340425,XADF
2025-10-14 19:39:06.289,M,662.9512,1,662.95,1bf51146,XADF
2025-10-14 19:39:06.207,M,662.9750,1,662.98,c69a77cb,XADF
2025-10-14 19:39:02.000,M,662.9695,1,662.97,62da9898,XADF
2025-10-14 19:38:49.330,A,663.0200,100,66302.00,bb9b1b39,XADF
2025-10-14 19:38:40.274,B,662.9792,1,662.98,28a94a96,XADF
2025-10-14 19:38:37.906,M,663.0050,1,663.00,e210d498,XADF
2025-10-14 19:38:21.704,M,663.0050,1,663.00,d1cd95f6,XADF
2025-10-14 19:38:19.016,A,663.0000,8,5304.00,a0a364f8,XADF
2025-10-14 19:38:15.080,M,662.9850,1,662.98,237c1062,XADF
2025-10-14 19:38:14.922,A,662.9900,1,662.99,836cffbf,XADF
2025-10-14 19:38:11.689,A,663.0000,1,663.00,e0304ec1,XADF
2025-10-14 19:37:40.503,M,663.0100,1,663.01,09cd0b50,XADF
2025-10-14 19:37:34.822,M,663.0110,1,663.01,3fc9484b,XADF
2025-10-14 19:37:29.708,M,663.0100,1,663.01,7ec6a8d3,XADF
2025-10-14 19:37:20.733,A,663.0000,250,165750.00,d8300937,XADF
2025-10-14 19:37:07.007,A,662.9950,1,663.00,df475719,XADF
2025-10-14 19:37:06.784,B,662.9800,2,1325.96,efa70c8d,XADF
2025-10-14 19:37:06.711,B,662.9490,1,662.95,220b0a3c,XADF
2025-10-14 19:37:06.543,M,662.9897,1,662.99,c723a4db,XADF
2025-10-14 19:37:02.535,A,663.0300,12,7956.36,66a7b140,XADF
2025-10-14 19:37:02.302,M,663.0287,1,663.03,1f86a2fb,XADF
2025-10-14 19:36:59.646,M,663.0273,2,1326.05,5abbc87d,XADF
2025-10-14 19:36:52.451,M,662.9995,1,663.00,e33c2cc7,XADF
2025-10-14 19:36:52.030,A,663.0300,25,16575.75,d677de16,XADF
2025-10-14 19:36:52.028,A,663.0385,1,663.04,0f254e30,XADF
2025-10-14 19:36:50.950,B,663.0000,3,1989.00,bfe75bfb,XADF
2025-10-14 19:36:47.253,A,663.0800,1,663.08,ccc82a25,XADF
2025-10-14 19:36:43.202,A,663.1000,1,663.10,8556ab2f,XADF
2025-10-14 19:36:41.576,M,663.0610,1,663.06,8d059ced,XADF
2025-10-14 19:36:35.373,B,663.0412,1,663.04,9a4a01ce,XADF
2025-10-14 19:36:26.276,M,663.0287,1,663.03,22fe94ba,XADF
2025-10-14 19:36:17.822,M,663.0207,1,663.02,a9943326,XADF
2025-10-14 19:35:57.448,M,662.9995,1,663.00,ab88d200,XADF
2025-10-14 19:35:57.447,M,662.9995,1,663.00,cc2928ad,XADF
2025-10-14 19:35:57.229,M,663.0190,1,663.02,daae2f64,XADF
2025-10-14 19:35:46.895,A,663.0500,1,663.05,3334d6d5,XADF
2025-10-14 19:35:42.884,B,663.0100,1,663.01,5db97641,XADF
2025-10-14 19:35:37.499,M,663.0387,1,663.04,3c1c0600,XADF
2025-10-14 19:35:37.447,A,663.0500,45,29837.25,75fed60e,XADF
2025-10-14 19:35:25.396,M,663.0492,1,663.05,d0fb9926,XADF
2025-10-14 19:35:13.418,M,663.0636,100,66306.36,9eb0f344,XADF
2025-10-14 19:35:10.980,A,663.1000,3,1989.30,3c0f044f,XADF
2025-10-14 19:34:59.244,M,663.1150,1,663.12,9330859a,XADF
2025-10-14 19:34:50.105,M,663.0803,50,33154.02,f2255455,XADF
2025-10-14 19:34:45.476,B,663.0600,1,663.06,bc9b1d3a,XADF
2025-10-14 19:34:43.625,M,663.0812,1,663.08,47b0afd9,XADF
2025-10-14 19:34:31.657,M,663.0800,1,663.08,f2b7bdbd,XADF
2025-10-14 19:34:28.789,M,663.1100,1,663.11,00a8aad2,XADF
2025-10-14 19:34:26.319,M,663.0715,1,663.07,cb39083b,XADF
2025-10-14 19:34:24.327,M,663.0610,1,663.06,0d29e513,XADF
2025-10-14 19:34:24.134,M,663.0415,1,663.04,ff480ec7,XADF
2025-10-14 19:34:23.399,B,663.0310,1,663.03,04c7edd3,XADF
2025-10-14 19:34:21.771,A,663.0800,2,1326.16,eda7ff99,XADF
2025-10-14 19:34:16.714,M,663.0150,1,663.02,e4dcfa90,XADF
2025-10-14 19:34:16.582,M,663.0110,1,663.01,5b2e07e8,XADF
2025-10-14 19:34:10.004,M,662.9700,5,3314.85,cfbc0705,XADF
2025-10-14 19:34:01.834,M,662.9805,1,662.98,7232c09e,XADF
2025-10-14 19:33:42.316,M,662.9700,1,662.97,80fd1df2,XADF
2025-10-14 19:33:36.625,M,662.9605,1,662.96,dbd3dee6,XADF
2025-10-14 19:33:36.624,M,662.9605,1,662.96,8373b22a,XADF
2025-10-14 19:33:35.891,B,662.9100,10,6629.10,dd5379ac,XADF
2025-10-14 19:33:33.257,M,662.9450,1,662.94,a07edb8a,XADF
2025-10-14 19:33:33.122,B,662.9100,1,662.91,4a37e370,XADF
2025-10-14 19:33:27.921,M,662.9350,1,662.94,389245dd,XADF
2025-10-14 19:33:22.286,A,662.9300,1,662.93,7443ff8a,XADF
2025-10-14 19:33:18.738,M,662.9100,1,662.91,7fc8f9d3,XADF
2025-10-14 19:33:08.653,M,662.8995,1,662.90,d195cb84,XADF
2025-10-14 19:33:05.106,M,662.9200,10,6629.20,82cf9785,XADF
2025-10-14 19:33:01.969,M,662.9287,1,662.93,ab970bb7,XADF
2025-10-14 19:33:01.951,A,662.9500,1,662.95,cbea6c4d,XADF
2025-10-14 19:33:00.297,M,662.9612,1,662.96,1bd2045e,XADF
2025-10-14 19:33:00.297,M,662.9612,1,662.96,805634e5,XADF
2025-10-14 19:32:52.224,M,662.9299,5,3314.65,3ae6ddcd,XADF
2025-10-14 19:32:47.643,M,662.9000,1,662.90,ce3cfd0c,XADF
2025-10-14 19:32:43.609,M,662.8990,1,662.90,e73bb856,XADF
2025-10-14 19:32:43.560,M,662.9290,1,662.93,5f807d12,XADF
2025-10-14 19:32:41.096,A,662.9500,1,662.95,9057181f,XADF
2025-10-14 19:32:35.214,M,662.9450,1,662.94,dd77dc5c,XADF
2025-10-14 19:32:33.834,M,662.9490,1,662.95,bfdd8130,XADF
2025-10-14 19:32:33.834,M,662.9490,1,662.95,f861eef9,XADF
2025-10-14 19:32:33.709,M,662.9327,100,66293.27,b5c448b5,XADF
2025-10-14 19:32:28.604,M,662.9790,10,6629.79,97204881,XADF
2025-10-14 19:32:26.662,M,662.9982,1,663.00,9f7eff48,XADF
2025-10-14 19:32:26.018,M,662.9990,1,663.00,e6284d17,XADF
2025-10-14 19:32:21.421,M,663.0100,1,663.01,4d60393c,XADF
2025-10-14 19:32:16.190,M,663.0287,1,663.03,90cd0f19,XADF
2025-10-14 19:32:14.908,M,663.0250,1,663.02,c252886a,XADF
2025-10-14 19:32:13.710,M,663.0250,1,663.02,8fadd894,XADF
2025-10-14 19:32:12.009,M,663.0490,1,663.05,7b16dc44,XADF
2025-10-14 19:32:12.007,M,663.0490,1,663.05,ab41a39e,XADF
2025-10-14 19:32:09.426,M,663.0600,1,663.06,06693eaf,XADF
2025-10-14 19:32:04.539,M,663.0311,1,663.03,e0846f8b,XADF
2025-10-14 19:32:04.049,M,663.0311,1,663.03,01969c51,XADF
2025-10-14 19:32:03.678,M,663.0787,1,663.08,5895dbf1,XADF
2025-10-14 19:32:03.665,A,663.0800,2,1326.16,c9348f3b,XADF
2025-10-14 19:32:01.832,M,663.1085,1,663.11,4f4d64e2,XADF
2025-10-14 19:32:01.758,M,663.1287,1,663.13,f4c6dfe2,XADF
2025-10-14 19:31:35.812,M,663.1650,1,663.16,2f2a8e99,XADF
2025-10-14 19:31:30.223,M,663.1610,1,663.16,59d088a5,XADF
2025-10-14 19:31:29.873,M,663.1312,1,663.13,35fe89c6,XADF
2025-10-14 19:31:24.894,A,663.1400,2,1326.28,4bbd625a,XADF
2025-10-14 19:31:23.760,M,663.0804,1,663.08,21dfd696,XADF
2025-10-14 19:31:22.039,M,663.1200,1,663.12,b386e70a,XADF
2025-10-14 19:31:21.195,M,663.1100,1,663.11,fc5ee459,XADF
2025-10-14 19:31:14.148,M,663.1110,1,663.11,1a80f8a7,XADF
2025-10-14 19:31:14.147,M,663.1110,1,663.11,8fdad0a3,XADF
2025-10-14 19:31:13.465,M,663.0810,2,1326.16,240cb70c,XADF
2025-10-14 19:31:01.170,M,663.0805,1,663.08,979a4e9e,XADF
2025-10-14 19:31:00.315,M,663.0610,1,663.06,575cd408,XADF
2025-10-14 19:30:58.768,B,663.0300,2,1326.06,ca420fdf,XADF
2025-10-14 19:30:58.036,M,663.0310,1,663.03,697f67c0,XADF
2025-10-14 19:30:58.036,M,663.0310,1,663.03,c41466cf,XADF
2025-10-14 19:30:42.294,M,662.9902,1,662.99,7b1cec43,XADF
2025-10-14 19:30:41.164,B,662.9800,1,662.98,e9e02d5c,XADF
2025-10-14 19:30:13.221,M,662.9650,1,662.96,2cb19260,XADF
2025-10-14 19:30:01.406,M,662.9650,1,662.96,8da0eb86,XADF
2025-10-14 19:29:55.615,M,662.9800,1,662.98,1fcd74f2,XADF
2025-10-14 19:29:50.998,M,662.9805,1,662.98,8e95c6cc,XADF
2025-10-14 19:29:50.886,M,662.9607,1,662.96,d7aabce2,XADF
2025-10-14 19:29:23.430,M,662.9312,1,662.93,781e941a,XADF
2025-10-14 19:29:14.898,M,662.8981,10,6628.98,2d6fda47,XADF
2025-10-14 19:29:13.254,A,662.9000,5,3314.50,c853e160,XADF
2025-10-14 19:29:05.216,A,662.9000,3,1988.70,0b352c2a,XADF
2025-10-14 19:29:05.103,M,662.8990,10,6628.99,e8a78740,XADF
2025-10-14 19:29:04.567,M,662.8992,1,662.90,5a0ca587,XADF
2025-10-14 19:29:04.090,M,662.9294,1,662.93,523c84f5,XADF
2025-10-14 19:29:03.923,M,662.9287,1,662.93,fddcfb0e,XADF
2025-10-14 19:29:02.354,M,662.9485,1,662.95,2c414c6c,XADF
2025-10-14 19:29:02.354,A,662.9590,1,662.96,16288241,XADF
2025-10-14 19:29:02.235,M,662.9787,1,662.98,4f010f46,XADF
2025-10-14 19:28:58.065,A,663.0300,4,2652.12,95544e48,XADF
2025-10-14 19:28:57.141,M,662.9812,1,662.98,0b10f507,XADF
2025-10-14 19:28:55.604,M,663.0050,1,663.00,792713c6,XADF
2025-10-14 19:28:41.357,M,662.9990,1,663.00,f0d5e1e1,XADF
2025-10-14 19:28:34.978,B,663.0100,50,33150.50,b9283174,XADF
2025-10-14 19:28:34.845,M,663.0197,1,663.02,8991bee3,XADF
2025-10-14 19:28:26.091,A,663.1000,3,1989.30,ca86debc,XADF
2025-10-14 19:28:12.024,M,663.0800,1,663.08,b8b5aa03,XADF
2025-10-14 19:28:07.447,M,663.0490,1,663.05,c816dda5,XADF
2025-10-14 19:28:07.445,M,663.0490,1,663.05,1c943c0b,XADF
2025-10-14 19:28:07.445,M,663.0490,1,663.05,702ade0d,XADF
2025-10-14 19:28:05.829,A,663.0900,10,6630.90,e3320ca6,XADF
2025-10-14 19:28:05.132,M,663.0995,30,19892.98,ea3ab558,XADF
2025-10-14 19:28:03.704,M,663.0897,1,663.09,d3455154,XADF
2025-10-14 19:27:55.462,M,663.1110,1,663.11,971bdcda,XADF
2025-10-14 19:27:55.296,A,663.1300,1,663.13,e2574849,XADF
2025-10-14 19:27:50.886,M,663.0897,1,663.09,a48c2347,XADF
2025-10-14 19:27:50.132,M,663.0995,1,663.10,6ff716fa,XADF
2025-10-14 19:27:49.515,M,663.1287,1,663.13,1ca9174d,XADF
2025-10-14 19:27:49.514,M,663.1287,1,663.13,5d440d5d,XADF
2025-10-14 19:27:49.513,A,663.1580,1,663.16,1aeb34d2,XADF
2025-10-14 19:27:49.499,A,663.1300,3,1989.39,156aa868,XADF
2025-10-14 19:27:43.625,M,663.1600,1,663.16,be1eae9b,XADF
2025-10-14 19:27:33.821,M,663.1550,1,663.16,6d616594,XADF
2025-10-14 19:26:56.980,M,663.2287,1,663.23,9438b445,XADF
2025-10-14 19:26:50.598,M,663.1800,1,663.18,3b7143cb,XADF
2025-10-14 19:26:50.470,A,663.2000,1,663.20,47fdfc86,XADF
2025-10-14 19:26:35.441,M,663.1795,1,663.18,6f2d31dc,XADF
2025-10-14 19:26:33.507,M,663.2050,1,663.20,9c2a954e,XADF
2025-10-14 19:26:28.300,M,663.1950,1,663.20,2193c9e5,XADF
2025-10-14 19:26:10.800,M,663.2107,1,663.21,b3641ed2,XADF
2025-10-14 19:26:09.320,B,663.1800,11,7294.98,4b2dd656,XADF
2025-10-14 19:26:05.125,A,663.2000,30,19896.00,0401dee1,XADF
2025-10-14 19:25:56.649,M,663.1700,1,663.17,605d9359,XADF
2025-10-14 19:25:56.515,A,663.2000,36,23875.20,c8d2d8d3,XADF
2025-10-14 19:25:53.930,B,663.1600,5,3315.80,099a74d6,XADF
2025-10-14 19:25:51.584,A,663.2000,3,1989.60,a0c35489,XADF
2025-10-14 19:25:42.920,B,663.1600,29,19231.64,e2aab0c0,XADF
2025-10-14 19:25:38.901,M,663.1899,100,66318.99,a4b77572,XADF
2025-10-14 19:25:35.421,M,663.1800,1,663.18,137ae5fe,XADF
2025-10-14 19:25:33.345,M,663.1890,1,663.19,7a0217b0,XADF
2025-10-14 19:25:29.936,M,663.1990,1,663.20,3abedcf0,XADF
2025-10-14 19:25:29.509,M,663.2282,1,663.23,52f3a11c,XADF
2025-10-14 19:25:29.508,A,663.2495,1,663.25,2bfcdca6,XADF
2025-10-14 19:25:29.507,A,663.2495,1,663.25,d759fe1e,XADF
2025-10-14 19:25:16.573,M,663.2890,1,663.29,92b26b0d,XADF
2025-10-14 19:25:16.572,A,663.2992,1,663.30,50316297,XADF
2025-10-14 19:25:16.357,M,663.3299,100,66332.99,68b8b7fc,XADF
2025-10-14 19:25:04.639,M,663.3300,1,663.33,5bb3e96b,XADF
2025-10-14 19:25:03.714,M,663.3295,1,663.33,7210d199,XADF
2025-10-14 19:24:55.929,M,663.3550,1,663.36,d4db89fb,XADF
2025-10-14 19:24:47.721,A,663.4000,1,663.40,a89cecf1,XADF
2025-10-14 19:24:47.342,M,663.3301,1,663.33,02bedf79,XADF
2025-10-14 19:24:47.307,M,663.3308,8,5306.65,4178b3c9,XADF
2025-10-14 19:24:37.014,B,663.3300,5,3316.65,82d6966f,XADF
2025-10-14 19:24:13.214,M,663.3492,1,663.35,45f58ab2,XADF
2025-10-14 19:24:12.084,B,663.3300,3,1989.99,7c72a0e7,XADF
2025-10-14 19:24:09.218,M,663.3690,1,663.37,e4229480,XADF
2025-10-14 19:24:05.829,M,663.3787,1,663.38,86cdb93b,XADF
2025-10-14 19:23:57.714,M,663.3990,1,663.40,29549894,XADF
2025-10-14 19:23:54.975,M,663.4092,1,663.41,bc75a195,XADF
2025-10-14 19:23:51.135,M,663.4287,1,663.43,aa5799c2,XADF
2025-10-14 19:23:48.689,B,663.4000,100,66340.00,73667454,XADF
2025-10-14 19:23:43.224,M,663.4400,1,663.44,980f4e07,XADF
2025-10-14 19:23:42.635,B,663.4000,1,663.40,dfc6fc32,XADF
2025-10-14 19:23:38.273,M,663.4019,6,3980.41,b9cf785f,XADF
2025-10-14 19:23:36.010,M,663.4250,1,663.42,5377e0ea,XADF
2025-10-14 19:23:35.576,A,663.4500,1,663.45,2e6f6b44,XADF
2025-10-14 19:23:32.311,M,663.4250,1,663.42,591d5334,XADF
2025-10-14 19:23:32.070,B,663.4000,1,663.40,36ce62b1,XADF
2025-10-14 19:23:31.505,M,663.4490,1,663.45,039c5f08,XADF
2025-10-14 19:23:25.870,M,663.4690,1,663.47,0398a5df,XADF
2025-10-14 19:23:25.510,M,663.4700,1,663.47,84077b71,XADF
2025-10-14 19:23:16.363,A,663.5300,10,6635.30,c59515be,XADF
2025-10-14 19:23:07.800,M,663.5005,1,663.50,9d7d39f5,XADF
2025-10-14 19:23:05.725,M,663.4810,1,663.48,bacf6ab1,XADF
2025-10-14 19:23:04.324,M,663.4512,1,663.45,9a27c97f,XADF
2025-10-14 19:23:03.344,M,663.4517,1,663.45,4670d215,XADF
2025-10-14 19:23:02.702,B,663.4110,1,663.41,c8bd33d6,XADF
2025-10-14 19:22:59.867,M,663.4010,1,663.40,690ce295,XADF
2025-10-14 19:22:59.855,M,663.3900,1,663.39,ce405215,XADF
2025-10-14 19:22:56.815,M,663.3700,1,663.37,25dd4b81,XADF
2025-10-14 19:22:50.153,M,663.3550,1,663.36,b8ce438f,XADF
2025-10-14 19:22:38.343,B,663.3700,1,663.37,9b050683,XADF
2025-10-14 19:22:34.998,M,663.3799,50,33169.00,5f1ad0e6,XADF
2025-10-14 19:22:32.221,M,663.3702,1,663.37,067e44d6,XADF
2025-10-14 19:22:31.588,M,663.3702,1,663.37,3d4a8b8f,XADF
2025-10-14 19:22:24.739,A,663.3200,1,663.32,5d4cfde2,XADF
2025-10-14 19:22:24.398,M,663.3050,1,663.30,d104ad49,XADF
2025-10-14 19:22:19.834,M,663.3191,10,6633.19,5b258819,XADF
2025-10-14 19:22:17.394,B,663.2700,5,3316.35,ad674b60,XADF
2025-10-14 19:22:06.289,M,663.3302,1,663.33,a49ede50,XADF
2025-10-14 19:21:59.331,M,663.3105,1,663.31,b6ea1aff,XADF
2025-10-14 19:21:52.850,M,663.2892,1,663.29,6f263336,XADF
2025-10-14 19:21:50.627,M,663.3100,3,1989.93,bef7f3b3,XADF
2025-10-14 19:21:48.943,M,663.3105,1,663.31,36caf3e3,XADF
2025-10-14 19:21:33.229,M,663.3101,1,663.31,abb39e6d,XADF
2025-10-14 19:21:16.828,M,663.2892,1,663.29,cd9b69ac,XADF
2025-10-14 19:21:13.440,M,663.3103,140,92863.44,145c0342,XADF
2025-10-14 19:21:11.575,M,663.3102,1,663.31,9db8a66a,XADF
2025-10-14 19:21:11.574,M,663.3102,1,663.31,89f97334,XADF
2025-10-14 19:21:11.560,A,663.3100,300,198993.00,595f2328,XADF
2025-10-14 19:21:11.553,M,663.3000,100,66330.00,c6702e11,XADF
2025-10-14 19:21:11.545,A,663.3000,100,66330.00,9415b01e,XADF
2025-10-14 19:21:11.423,M,663.2900,1,663.29,c1087f8f,XADF
2025-10-14 19:20:53.041,M,663.2595,1,663.26,fcca0abc,XADF
2025-10-14 19:20:44.690,A,663.3300,1,663.33,faacf37f,XADF
2025-10-14 19:20:43.790,B,663.3000,62,41124.60,51571941,XADF
2025-10-14 19:20:42.948,A,663.3300,1,663.33,5da7a150,XADF
2025-10-14 19:20:41.364,A,663.3300,1,663.33,db359ce7,XADF
2025-10-14 19:20:35.000,B,663.3000,1,663.30,747bb087,XADF
2025-10-14 19:20:34.573,B,663.3000,1,663.30,761de39d,XADF
2025-10-14 19:20:26.918,A,663.3300,1,663.33,8fc6e2ab,XADF
2025-10-14 19:20:24.171,B,663.2700,1,663.27,23b3748b,XADF
2025-10-14 19:20:21.624,B,663.2700,2,1326.54,f111f51b,XADF
2025-10-14 19:20:20.597,M,663.3000,1,663.30,bba239a7,XADF
2025-10-14 19:20:20.476,B,663.2700,113,74949.51,49db3457,XADF
2025-10-14 19:20:20.027,M,663.3000,1,663.30,77159c03,XADF
2025-10-14 19:20:14.450,A,663.3300,1,663.33,401180b7,XADF
2025-10-14 19:20:11.845,M,663.3007,1,663.30,d9f1ffb8,XADF
2025-10-14 19:20:06.640,M,663.2805,1,663.28,e6edae98,XADF
2025-10-14 19:20:04.659,M,663.2700,1,663.27,8c65f054,XADF
2025-10-14 19:20:03.360,B,663.2600,10,6632.60,fe5450e3,XADF
2025-10-14 19:20:02.131,M,663.2507,1,663.25,d25910de,XADF
2025-10-14 19:20:01.167,M,663.2310,1,663.23,d36a6af8,XADF
2025-10-14 19:19:59.695,A,663.2600,2,1326.52,6d94538f,XADF
2025-10-14 19:19:49.172,M,663.2112,1,663.21,600917ff,XADF
2025-10-14 19:19:41.242,M,663.2400,10,6632.40,13692b64,XADF
2025-10-14 19:19:36.743,M,663.1912,1,663.19,c6bd6204,XADF
2025-10-14 19:19:35.493,M,663.1715,1,663.17,45c075bb,XADF
2025-10-14 19:19:29.761,A,663.2100,475,315024.75,8e8b6f45,XADF
2025-10-14 19:19:23.210,M,663.1512,1,663.15,29c4fe2d,XADF
2025-10-14 19:19:17.511,M,663.1650,1,663.16,90a88857,XADF
2025-10-14 19:19:13.424,M,663.1400,1,663.14,7beac025,XADF
2025-10-14 19:19:09.209,M,663.1300,1,663.13,852d47bb,XADF
2025-10-14 19:19:03.203,M,663.1400,1,663.14,e090b855,XADF
2025-10-14 19:18:57.599,M,663.1550,1,663.16,d28c31c5,XADF
2025-10-14 19:18:49.404,A,663.1600,200,132632.00,639c0df8,XADF
2025-10-14 19:18:47.655,B,663.1200,10,6631.20,e3a451b0,XADF
2025-10-14 19:18:43.339,M,663.1550,1,663.16,6d4a810c,XADF
2025-10-14 19:18:40.074,B,663.1100,1,663.11,f9917f53,XADF
2025-10-14 19:18:27.959,B,663.0800,16,10609.28,390bd178,XADF
2025-10-14 19:18:13.735,M,663.1287,1,663.13,ef800e06,XADF
2025-10-14 19:18:13.448,M,663.1487,1,663.15,fd5a718b,XADF
2025-10-14 19:18:12.517,M,663.1799,10,6631.80,b193559e,XADF
2025-10-14 19:18:12.125,M,663.1597,1,663.16,af7b1fcb,XADF
2025-10-14 19:18:11.604,M,663.2000,1,663.20,976a1478,XADF
2025-10-14 19:18:11.128,A,663.2100,20,13264.20,3aa07a4f,XADF
2025-10-14 19:18:09.420,M,663.2000,1,663.20,5651a412,XADF
2025-10-14 19:17:58.888,M,663.1909,22,14590.20,1d7bd967,XADF
2025-10-14 19:17:54.039,A,663.2100,29,19233.09,f70d8e7d,XADF
2025-10-14 19:17:54.021,M,663.1850,1,663.18,a26d53af,XADF
2025-10-14 19:17:43.810,A,663.2100,1,663.21,8163a92b,XADF
2025-10-14 19:17:37.350,M,663.2010,1,663.20,71edc7e2,XADF
2025-10-14 19:17:19.637,M,663.1807,1,663.18,3eb4bedd,XADF
2025-10-14 19:17:14.333,A,663.2000,5,3316.00,1f563eed,XADF
2025-10-14 19:17:14.333,M,663.1999,5,3316.00,30c1581f,XADF
2025-10-14 19:17:09.602,A,663.1700,1,663.17,9579d6c8,XADF
2025-10-14 19:17:00.281,M,663.1505,1,663.15,4693153d,XADF
2025-10-14 19:16:59.771,M,663.1310,1,663.13,82d0271b,XADF
2025-10-14 19:16:50.781,B,663.0800,1,663.08,862d41c8,XADF
2025-10-14 19:16:42.282,M,663.0606,50,33153.03,690f4d2f,XADF
2025-10-14 19:16:38.944,M,663.0850,1,663.08,3229e9f7,XADF
2025-10-14 19:16:33.694,B,663.1000,2,1326.20,38f873b4,XADF
2025-10-14 19:16:26.114,M,663.1100,1,663.11,5f85b8cf,XADF
2025-10-14 19:16:23.001,M,663.1097,1,663.11,0d9238ff,XADF
2025-10-14 19:16:17.587,M,663.1310,1,663.13,29983713,XADF
2025-10-14 19:15:54.811,B,663.1000,90,59679.00,f9a7e355,XADF
2025-10-14 19:15:52.938,M,663.1097,1,663.11,12a89f86,XADF
2025-10-14 19:15:50.256,M,663.1310,1,663.13,75d9ff12,XADF
2025-10-14 19:15:49.551,M,663.1298,1,663.13,3a29e29f,XADF
2025-10-14 19:15:47.577,M,663.1299,115,76259.94,eaba346b,XADF
2025-10-14 19:15:47.156,B,663.1000,2,1326.20,c1727d34,XADF
2025-10-14 19:15:42.551,M,663.1294,5,3315.65,319600ed,XADF
2025-10-14 19:15:41.766,M,663.1097,1,663.11,8ad49b6b,XADF
2025-10-14 19:15:41.021,M,663.1292,1,663.13,f8ad0705,XADF
2025-10-14 19:15:27.550,B,663.1500,1,663.15,d0cab26f,XADF
2025-10-14 19:15:23.074,M,663.1600,1,663.16,4a86bb40,XADF
2025-10-14 19:15:21.822,M,663.1600,1,663.16,7bb7de88,XADF
2025-10-14 19:15:16.276,M,663.1688,1,663.17,51430d57,XADF
2025-10-14 19:15:12.953,M,663.1501,100,66315.01,fc0713ae,XADF
2025-10-14 19:15:08.498,A,663.1600,1,663.16,a1eff857,XADF
2025-10-14 19:15:07.930,B,663.1500,10,6631.50,62649e4e,XADF
2025-10-14 19:14:57.525,M,663.1600,1,663.16,7c138f36,XADF
2025-10-14 19:14:56.208,M,663.1600,1,663.16,81d4b6cc,XADF
2025-10-14 19:14:54.834,A,663.1700,1,663.17,5c67728f,XADF
2025-10-14 19:14:42.105,M,663.1600,1,663.16,0df3631e,XADF
2025-10-14 19:14:38.678,M,663.1602,1,663.16,d4c5ba9a,XADF
2025-10-14 19:14:31.136,M,663.1310,1,663.13,a04f9909,XADF
2025-10-14 19:14:29.643,M,663.1150,1,663.12,bfdf4393,XADF
2025-10-14 19:14:15.862,M,663.1099,3,1989.33,078b451e,XADF
2025-10-14 19:14:11.688,A,663.1100,10,6631.10,20284b17,XADF
2025-10-14 19:14:10.228,M,663.1097,1,663.11,ec8c07b6,XADF
2025-10-14 19:14:07.406,M,663.1350,1,663.14,d8e98f5b,XADF
2025-10-14 19:14:06.649,A,663.1600,30,19894.80,07c2b699,XADF
2025-10-14 19:13:54.864,A,663.1500,1,663.15,1c595e2a,XADF
2025-10-14 19:13:52.735,M,663.1295,1,663.13,10bc68bc,XADF
2025-10-14 19:13:52.733,M,663.1492,1,663.15,b27d3f0c,XADF
2025-10-14 19:13:47.007,M,663.1500,1,663.15,e1c21103,XADF
2025-10-14 19:13:42.127,M,663.1707,1,663.17,4b3b37ef,XADF
2025-10-14 19:13:39.781,M,663.1705,25,16579.26,935478d0,XADF
2025-10-14 19:13:39.524,M,663.1750,1,663.18,4166c7a9,XADF
2025-10-14 19:13:31.155,M,663.1601,1,663.16,2729884d,XADF
2025-10-14 19:13:30.856,M,663.1602,1,663.16,e7210fc8,XADF
2025-10-14 19:13:29.218,M,663.1450,1,663.14,5accfe81,XADF
2025-10-14 19:13:26.405,M,663.1310,1,663.13,967f044c,XADF
2025-10-14 19:13:26.041,A,663.1700,1,663.17,b143b67c,XADF
2025-10-14 19:13:20.542,M,663.1301,25,16578.25,5b2775a4,XADF
2025-10-14 19:13:17.924,M,663.1400,1,663.14,31e8cf6e,XADF
2025-10-14 19:13:14.860,M,663.1101,20,13262.20,c416a976,XADF
2025-10-14 19:13:14.859,M,663.1101,5,3315.55,fe3c4ae7,XADF
2025-10-14 19:13:10.291,M,663.1112,1,663.11,31105ed7,XADF
2025-10-14 19:13:09.667,B,663.0902,1,663.09,85c61c0c,XADF
2025-10-14 19:13:06.398,M,663.0750,1,663.08,8b468118,XADF
2025-10-14 19:12:58.940,M,663.0800,1,663.08,fe085bc3,XADF
2025-10-14 19:12:56.913,M,663.0800,1,663.08,f7ae0705,XADF
2025-10-14 19:12:53.629,M,663.0950,1,663.10,99ec2bb6,XADF
2025-10-14 19:12:41.523,M,663.0850,1,663.08,5d302dd6,XADF
2025-10-14 19:12:38.539,M,663.0710,1,663.07,e35e428f,XADF
2025-10-14 19:12:33.380,M,663.0212,1,663.02,25d89fac,XADF
2025-10-14 19:12:33.224,M,663.0550,1,663.06,dafc634e,XADF
2025-10-14 19:12:29.608,M,663.0650,1,663.06,d395a2ce,XADF
2025-10-14 19:12:28.761,M,663.0304,1,663.03,bfd77491,XADF
2025-10-14 19:12:27.576,M,663.0605,1,663.06,1ec1ef8a,XADF
2025-10-14 19:12:27.576,M,663.0410,1,663.04,972ef820,XADF
2025-10-14 19:12:26.139,M,663.0117,1,663.01,9bf63135,XADF
2025-10-14 19:12:25.391,M,663.0307,1,663.03,a856c2ab,XADF
2025-10-14 19:12:20.816,A,663.0600,1,663.06,72f1cf0d,XADF
2025-10-14 19:12:20.703,M,662.9820,1,662.98,4fcccd3a,XADF
2025-10-14 19:12:20.629,M,663.0200,1,663.02,9dd97d18,XADF
2025-10-14 19:12:20.455,B,662.9800,5,3314.90,9482f24c,XADF
2025-10-14 19:12:20.032,M,662.9610,1,662.96,931dfa36,XADF
2025-10-14 19:12:08.551,A,662.9600,1,662.96,ab27f7fc,XADF
2025-10-14 19:12:03.503,M,662.9700,1,662.97,0ba4c25b,XADF
2025-10-14 19:12:03.112,A,663.0100,1,663.01,4f6c36ea,XADF
2025-10-14 19:11:57.716,M,662.9625,50,33148.12,7e91fd1f,XADF
2025-10-14 19:11:49.972,M,662.9290,1,662.93,fe838327,XADF
2025-10-14 19:11:49.971,M,662.9290,1,662.93,f5537b61,XADF
2025-10-14 19:11:49.690,M,662.9587,1,662.96,9747f49f,XADF
2025-10-14 19:11:48.914,M,662.9850,1,662.98,e99914ec,XADF
2025-10-14 19:11:45.237,A,663.0100,1,663.01,bb6ec0b3,XADF
2025-10-14 19:11:44.291,B,662.9800,200,132596.00,235637b7,XADF
2025-10-14 19:11:43.209,M,662.9836,50,33149.18,0dbab6a0,XADF
2025-10-14 19:11:37.842,B,662.9800,5,3314.90,1bdf5f98,XADF
2025-10-14 19:11:26.258,M,663.0150,1,663.02,99ddb9da,XADF
2025-10-14 19:11:19.498,M,663.0350,1,663.04,25c5ba01,XADF
2025-10-14 19:11:17.077,M,663.0110,1,663.01,4c317e27,XADF
2025-10-14 19:11:17.066,B,663.0100,3,1989.03,4f5ae1a3,XADF
2025-10-14 19:11:17.065,B,663.0100,10,6630.10,067041c6,XADF
2025-10-14 19:11:14.418,B,662.9712,1,662.97,e10e0b20,XADF
2025-10-14 19:11:10.601,M,662.9512,1,662.95,506cddc2,XADF
2025-10-14 19:11:03.652,M,662.9310,1,662.93,bb4ab99d,XADF
2025-10-14 19:10:56.471,M,662.9110,1,662.91,420fdc78,XADF
2025-10-14 19:10:54.095,M,662.9107,1,662.91,1496a068,XADF
2025-10-14 19:10:48.460,M,662.8850,1,662.88,41fbf629,XADF
2025-10-14 19:10:44.329,M,662.8710,1,662.87,640dcd0a,XADF
2025-10-14 19:10:20.157,M,662.8654,1,662.87,8153309d,XADF
2025-10-14 19:10:11.678,A,662.8400,1,662.84,0b5dd030,XADF
2025-10-14 19:10:05.046,M,662.8502,1,662.85,0189bfec,XADF
2025-10-14 19:10:05.006,A,662.8500,100,66285.00,c57eff03,XADF
2025-10-14 19:09:49.366,M,662.8302,1,662.83,bb63c910,XADF
2025-10-14 19:09:36.908,M,662.8087,1,662.81,26510304,XADF
2025-10-14 19:09:15.529,B,662.7900,200,132558.00,1d91f3b6,XADF
2025-10-14 19:08:58.778,M,662.8700,50,33143.50,4d15bdbc,XADF
2025-10-14 19:08:56.897,M,662.8450,1,662.84,1f5146bc,XADF
2025-10-14 19:08:51.323,M,662.8285,1,662.83,0b69b1f7,XADF
2025-10-14 19:08:50.759,M,662.8399,16,10605.44,bc1602f1,XADF
2025-10-14 19:08:50.002,M,662.8577,1,662.86,eadee2ff,XADF
2025-10-14 19:08:49.247,A,662.8482,1,662.85,bddfedac,XADF
2025-10-14 19:08:46.969,M,662.8897,1,662.89,8bc1b9a5,XADF
2025-10-14 19:08:46.912,M,662.9092,1,662.91,9494f8d5,XADF
2025-10-14 19:08:46.908,A,662.9290,1,662.93,1a847fd3,XADF
2025-10-14 19:08:46.905,A,662.9290,1,662.93,c12b6058,XADF
2025-10-14 19:08:46.900,A,662.9687,1,662.97,c964fda2,XADF
2025-10-14 19:08:45.687,M,662.9233,7,4640.46,ac03a22b,XADF
2025-10-14 19:08:42.116,M,663.0112,1,663.01,06a922dd,XADF
2025-10-14 19:08:41.996,B,662.9700,2,1325.94,3e176e70,XADF
2025-10-14 19:08:41.734,M,662.9702,1,662.97,a89222a1,XADF
2025-10-14 19:08:40.847,M,662.9507,1,662.95,de8a88bc,XADF
2025-10-14 19:08:38.416,M,662.9588,1,662.96,9311f741,XADF
2025-10-14 19:08:32.983,M,662.9307,1,662.93,361bff28,XADF
2025-10-14 19:08:30.747,M,662.9112,1,662.91,7efabcd9,XADF
2025-10-14 19:08:30.285,M,662.9307,1,662.93,b46ccc21,XADF
2025-10-14 19:08:29.958,M,662.9107,1,662.91,15feddff,XADF
2025-10-14 19:08:29.453,M,662.8605,1,662.86,345086da,XADF
2025-10-14 19:08:29.001,M,662.8500,50,33142.50,140d2662,XADF
2025-10-14 19:08:26.381,M,662.8312,1,662.83,a06371b0,XADF
2025-10-14 19:08:25.415,M,662.8300,50,33141.50,a591fd97,XADF
2025-10-14 19:08:25.349,M,662.8310,1,662.83,82a7e62b,XADF
2025-10-14 19:08:25.134,M,662.8105,1,662.81,f8e70e0a,XADF
2025-10-14 19:08:23.222,M,662.7810,1,662.78,6a7e8436,XADF
2025-10-14 19:08:23.138,M,662.8100,50,33140.50,7c371bca,XADF
2025-10-14 19:08:21.491,B,662.7600,4,2651.04,b562f50a,XADF
2025-10-14 19:08:19.482,M,662.7601,100,66276.01,20b7a1e6,XADF
2025-10-14 19:08:15.783,M,662.7612,1,662.76,8f586183,XADF
2025-10-14 19:08:15.781,M,662.7612,1,662.76,3454aac4,XADF
2025-10-14 19:08:14.864,M,662.7310,1,662.73,299754da,XADF
2025-10-14 19:08:09.880,A,662.7600,1,662.76,02cc0a2a,XADF
2025-10-14 19:08:04.425,M,662.7110,1,662.71,0da15677,XADF
2025-10-14 19:08:03.882,M,662.6812,1,662.68,deaf7826,XADF
2025-10-14 19:08:03.418,M,662.6610,1,662.66,6df9995a,XADF
2025-10-14 19:08:03.417,M,662.6610,1,662.66,dce5df7c,XADF
2025-10-14 19:08:03.124,M,662.6315,1,662.63,2c2daa54,XADF
2025-10-14 19:08:02.220,M,662.5950,1,662.60,96849fc6,XADF
2025-10-14 19:08:01.690,M,662.5985,1,662.60,e80cd930,XADF
2025-10-14 19:08:01.652,M,662.6090,1,662.61,eca90729,XADF
2025-10-14 19:07:58.661,M,662.6300,1,662.63,d9266f3b,XADF
2025-10-14 19:07:49.318,M,662.6500,1,662.65,83e472f1,XADF
2025-10-14 19:07:48.196,M,662.6233,50,33131.16,a1526a6e,XADF
2025-10-14 19:07:47.717,M,662.6200,1,662.62,0eb1c643,XADF
2025-10-14 19:07:45.920,M,662.6287,1,662.63,3e1ae359,XADF
2025-10-14 19:07:45.569,M,662.6587,1,662.66,06f29215,XADF
2025-10-14 19:07:43.757,M,662.6812,1,662.68,d13a1ab0,XADF
2025-10-14 19:07:39.061,M,662.6587,1,662.66,10ca53f8,XADF
2025-10-14 19:07:38.486,B,662.6100,50,33130.50,b313ae20,XADF
2025-10-14 19:07:36.280,M,662.6787,1,662.68,4d66fe6e,XADF
2025-10-14 19:07:36.279,M,662.6787,1,662.68,13fe701f,XADF
2025-10-14 19:07:31.362,M,662.7087,1,662.71,19f3c024,XADF
2025-10-14 19:07:11.984,M,662.7387,1,662.74,89452ba2,XADF
2025-10-14 19:07:05.422,A,662.7600,2,1325.52,37b734b8,XADF
2025-10-14 19:07:02.162,A,662.7600,1,662.76,d3d9f77c,XADF
2025-10-14 19:06:59.244,M,662.7350,1,662.74,32a476d5,XADF
2025-10-14 19:06:55.397,M,662.7400,1,662.74,4667bc29,XADF
2025-10-14 19:06:54.135,M,662.7400,1,662.74,07afb094,XADF
2025-10-14 19:06:41.318,A,662.7600,3,1988.28,97eb7281,XADF
2025-10-14 19:06:29.092,A,662.8100,1,662.81,84a3e9ed,XADF
2025-10-14 19:06:28.271,M,662.8087,1,662.81,ed96dbf5,XADF
2025-10-14 19:06:23.604,M,662.7800,1,662.78,bc1c1cbc,XADF
2025-10-14 19:06:20.950,A,662.7800,1,662.78,fc914871,XADF
2025-10-14 19:06:19.521,M,662.7700,1,662.77,6f96b4d3,XADF
2025-10-14 19:06:07.488,A,662.7700,1,662.77,85613df5,XADF
2025-10-14 19:06:00.090,A,662.7600,1,662.76,efbb1a11,XADF
2025-10-14 19:05:58.704,M,662.7590,1,662.76,40c84e5d,XADF
2025-10-14 19:05:51.519,M,662.7650,1,662.76,32a68f14,XADF
2025-10-14 19:05:49.988,A,662.8100,20,13256.20,a2a61317,XADF
2025-10-14 19:05:39.493,M,662.8112,1,662.81,4a14a455,XADF
2025-10-14 19:05:39.491,B,662.7607,1,662.76,41e7a7be,XADF
2025-10-14 19:05:23.532,A,662.7900,2,1325.58,db876ad8,XADF
2025-10-14 19:05:02.980,A,662.7500,50,33137.50,8ffd99a6,XADF
2025-10-14 19:04:59.250,M,662.7499,50,33137.50,3ec4d277,XADF
2025-10-14 19:04:54.745,M,662.7500,1,662.75,b125001f,XADF
2025-10-14 19:04:53.936,M,662.7412,1,662.74,70d9010c,XADF
2025-10-14 19:04:50.219,M,662.7450,1,662.74,d6f15a1b,XADF
2025-10-14 19:04:47.976,M,662.7212,1,662.72,9169c831,XADF
2025-10-14 19:04:42.862,B,662.7100,2,1325.42,9d156a00,XADF
2025-10-14 19:04:37.074,M,662.7210,1,662.72,98a533ee,XADF
2025-10-14 19:04:36.687,M,662.7300,40,26509.20,781ae328,XADF
2025-10-14 19:04:08.145,M,662.6850,1,662.68,7672db62,XADF
2025-10-14 19:03:50.137,M,662.6817,1,662.68,060b26bc,XADF
2025-10-14 19:03:49.749,M,662.7000,1,662.70,db523014,XADF
2025-10-14 19:03:43.762,M,662.7099,50,33135.49,47fbe36e,XADF
2025-10-14 19:03:42.636,M,662.6615,1,662.66,98e75052,XADF
2025-10-14 19:03:38.202,M,662.6412,1,662.64,80d9096d,XADF
2025-10-14 19:03:34.107,A,662.6400,50,33132.00,a4a60f5a,XADF
2025-10-14 19:03:32.719,M,662.6000,1,662.60,07eb0ed0,XADF
2025-10-14 19:03:28.438,M,662.6050,1,662.60,cab41a20,XADF
2025-10-14 19:03:24.459,M,662.5918,3,1987.78,8e067685,XADF
2025-10-14 19:03:17.615,M,662.6212,1,662.62,0feccb89,XADF
2025-10-14 19:03:17.605,B,662.6015,1,662.60,57e2a5d0,XADF
2025-10-14 19:03:06.405,M,662.6050,1,662.60,2018d3dc,XADF
2025-10-14 19:03:02.110,A,662.6400,5,3313.20,240a74e0,XADF
2025-10-14 19:03:01.616,M,662.6050,1,662.60,a80f00b5,XADF
2025-10-14 19:02:54.355,M,662.6000,25,16565.00,8bd44e12,XADF
2025-10-14 19:02:48.457,M,662.5850,1,662.58,0d426817,XADF
2025-10-14 19:02:46.560,M,662.5850,1,662.58,5b453db1,XADF
2025-10-14 19:02:22.194,M,662.5815,1,662.58,18dbfef1,XADF
2025-10-14 19:02:16.673,M,662.5710,1,662.57,00bec33b,XADF
2025-10-14 19:02:16.201,M,662.5650,1,662.56,6f556ddf,XADF
2025-10-14 19:02:15.513,M,662.5410,1,662.54,fdade3b0,XADF
2025-10-14 19:02:15.302,M,662.5100,90,59625.90,016ee173,XADF
2025-10-14 19:02:12.685,M,662.4901,90,59624.11,b4a83d2b,XADF
2025-10-14 19:02:10.365,M,662.5190,1,662.52,d006f57c,XADF
2025-10-14 19:02:09.279,M,662.5387,1,662.54,675c05fd,XADF
2025-10-14 19:02:08.174,M,662.5390,1,662.54,6ab6dfc9,XADF
2025-10-14 19:02:08.174,A,662.5585,1,662.56,f5dfd3d7,XADF
2025-10-14 19:02:08.058,M,662.5682,1,662.57,a47bbef5,XADF
2025-10-14 19:02:07.932,B,662.5300,83,54989.99,e6504320,XADF
2025-10-14 19:02:07.932,B,662.5300,15,9937.95,b0a166ca,XADF
2025-10-14 19:02:07.931,M,662.5401,500,331270.05,58ab4640,XADF
2025-10-14 19:02:06.492,A,662.5900,10,6625.90,357c81e0,XADF
2025-10-14 19:02:05.319,M,662.5892,1,662.59,ae7fcd4e,XADF
2025-10-14 19:02:03.962,M,662.6187,1,662.62,70da5916,XADF
2025-10-14 19:02:03.932,M,662.6392,1,662.64,4ba11ac7,XADF
2025-10-14 19:02:03.930,A,662.6587,1,662.66,c1ce6849,XADF
2025-10-14 19:02:03.885,M,662.6692,1,662.67,6fa6a4e3,XADF
2025-10-14 19:02:03.883,M,662.6692,1,662.67,478427db,XADF
2025-10-14 19:02:03.750,A,662.7000,50,33135.00,f73b4a2a,XADF
2025-10-14 19:02:03.534,M,662.6985,1,662.70,b0c6bfbe,XADF
2025-10-14 19:02:03.504,M,662.6700,1,662.67,92758667,XADF
2025-10-14 19:02:03.417,A,662.7000,1,662.70,a0ead85c,XADF
2025-10-14 19:02:03.070,M,662.6992,1,662.70,b16c0df8,XADF
2025-10-14 19:02:02.921,M,662.7707,1,662.77,881d1e32,XADF
2025-10-14 19:02:02.780,M,662.7407,1,662.74,cf11d2d3,XADF
2025-10-14 19:02:01.244,M,662.7205,1,662.72,dd9cdf9f,XADF
2025-10-14 19:01:45.809,M,662.7000,1,662.70,031f784b,XADF
2025-10-14 19:01:42.748,M,662.6950,1,662.70,f39c73a0,XADF
2025-10-14 19:01:37.982,M,662.6900,2,1325.38,05600934,XADF
2025-10-14 19:01:35.815,M,662.7150,1,662.72,ec3cf7df,XADF
2025-10-14 19:01:26.902,M,662.7150,1,662.72,e6556470,XADF
2025-10-14 19:01:25.649,A,662.7400,1,662.74,77a5c890,XADF
2025-10-14 19:01:16.293,M,662.6833,15,9940.25,3dc70eb5,XADF
2025-10-14 19:01:05.561,B,662.6900,2,1325.38,b0e0b2a1,XADF
2025-10-14 19:01:05.127,M,662.6904,30,19880.71,c19c7f46,XADF
2025-10-14 19:01:00.868,M,662.6985,1,662.70,e260b265,XADF
2025-10-14 19:00:51.185,B,662.6900,1,662.69,0fe3b1de,XADF
2025-10-14 19:00:39.556,M,662.6950,1,662.70,28894cb5,XADF
2025-10-14 19:00:31.669,M,662.7200,100,66272.00,bc2f7029,XADF
2025-10-14 19:00:21.543,M,662.7207,1,662.72,a1e13644,XADF
2025-10-14 19:00:21.542,M,662.7010,1,662.70,a681253c,XADF
2025-10-14 19:00:14.092,M,662.6810,1,662.68,a04ba97d,XADF
2025-10-14 19:00:11.661,M,662.6710,1,662.67,72546e32,XADF
2025-10-14 19:00:03.122,M,662.6395,1,662.64,a92a8809,XADF
2025-10-14 19:00:03.120,M,662.6590,1,662.66,eaf9288e,XADF
2025-10-14 18:59:59.138,M,662.7050,1,662.70,80e7ce75,XADF
2025-10-14 18:59:53.424,M,662.7367,90,59646.30,106ec31d,XADF
2025-10-14 18:59:45.780,B,662.6900,3,1988.07,5a735594,XADF
2025-10-14 18:59:41.520,M,662.7100,1,662.71,c7af6d77,XADF
2025-10-14 18:59:32.037,M,662.6910,1,662.69,629f0871,XADF
2025-10-14 18:59:29.909,B,662.6700,10,6626.70,cf0e6e55,XADF
2025-10-14 18:59:28.398,M,662.6650,1,662.66,ad47b8e0,XADF
2025-10-14 18:59:16.752,M,662.6700,25,16566.75,e7c09653,XADF
2025-10-14 18:58:59.333,A,662.6900,2,1325.38,99746efb,XADF
2025-10-14 18:58:50.610,A,662.6700,8,5301.36,29ec90d6,XADF
2025-10-14 18:58:41.808,M,662.6450,1,662.64,db032c20,XADF
2025-10-14 18:58:41.523,M,662.6450,1,662.64,0c705785,XADF
2025-10-14 18:58:41.351,A,662.6700,1,662.67,ab5058ad,XADF
2025-10-14 18:58:36.069,B,662.6400,10,6626.40,e2044a25,XADF
2025-10-14 18:58:31.222,B,662.6400,1,662.64,0e600244,XADF
2025-10-14 18:58:19.606,M,662.6800,1,662.68,438a878e,XADF
2025-10-14 18:58:13.060,M,662.6550,1,662.66,6ff4c17d,XADF
2025-10-14 18:58:05.167,A,662.6700,30,19880.10,93edc942,XADF
2025-10-14 18:57:56.011,M,662.6900,1,662.69,e05859d3,XADF
2025-10-14 18:57:53.190,M,662.6701,30,19880.10,808c263c,XADF
2025-10-14 18:57:49.509,A,662.7200,2,1325.44,36624309,XADF
2025-10-14 18:57:45.661,A,662.7200,1,662.72,8a9900f2,XADF
2025-10-14 18:57:38.344,M,662.7000,6,3976.20,a7806b8c,XADF
2025-10-14 18:57:33.698,M,662.7196,100,66271.96,93bce981,XADF
2025-10-14 18:57:33.435,A,662.7200,3,1988.16,0492422b,XADF
2025-10-14 18:57:32.356,M,662.7198,90,59644.78,603d95bf,XADF
2025-10-14 18:57:25.493,B,662.6600,20,13253.20,3747627a,XADF
2025-10-14 18:57:21.945,M,662.6710,1,662.67,c83e21bb,XADF
2025-10-14 18:57:04.950,M,662.6750,1,662.68,ae3898c4,XADF
2025-10-14 18:56:57.019,B,662.6400,100,66264.00,030a87c4,XADF
2025-10-14 18:56:42.567,M,662.6103,203,134509.89,14ee608b,XADF
2025-10-14 18:56:42.567,M,662.6103,97,64273.20,79218260,XADF
2025-10-14 18:56:41.176,A,662.6500,2,1325.30,764a6e3d,XADF
2025-10-14 18:56:39.677,M,662.6392,1,662.64,53375643,XADF
2025-10-14 18:56:37.260,M,662.6311,55,36444.71,7504f5a2,XADF
2025-10-14 18:56:37.260,M,662.6311,35,23192.09,e4fcc3c8,XADF
2025-10-14 18:56:33.145,M,662.6987,2,1325.40,28085f16,XADF
2025-10-14 18:56:26.925,M,662.6750,1,662.68,462929fb,XADF
2025-10-14 18:56:26.253,M,662.6417,1,662.64,851c4ba6,XADF
2025-10-14 18:56:23.417,B,662.6400,25,16566.00,0e9032e1,XADF
2025-10-14 18:56:19.307,M,662.6550,1,662.66,dfec5fea,XADF
2025-10-14 18:56:08.896,M,662.6400,3,1987.92,1172852b,XADF
2025-10-14 18:56:07.367,A,662.6900,1,662.69,3a795ae4,XADF
2025-10-14 18:55:50.433,M,662.6750,1,662.68,e1a938fc,XADF
2025-10-14 18:55:49.347,M,662.6750,1,662.68,0fb95f2e,XADF
2025-10-14 18:55:39.212,M,662.6710,1,662.67,ce9142f6,XADF
2025-10-14 18:55:20.105,M,662.6200,621,411487.02,ef1d8dcd,XADF
2025-10-14 18:55:19.039,M,662.6392,1,662.64,4beb3717,XADF
2025-10-14 18:54:57.905,M,662.6450,1,662.64,cb2ffd31,XADF
2025-10-14 18:54:53.881,M,662.6450,1,662.64,cbc6b5c5,XADF
2025-10-14 18:54:40.053,M,662.6400,20,13252.80,a76b658d,XADF
2025-10-14 18:54:35.646,M,662.6699,80,53013.59,16202e6f,XADF
2025-10-14 18:54:35.646,M,662.6699,20,13253.40,d6c6ef4c,XADF
2025-10-14 18:54:29.995,M,662.6450,1,662.64,3ca646b8,XADF
2025-10-14 18:54:16.877,M,662.6590,1,662.66,9bd48fe6,XADF
2025-10-14 18:54:11.405,A,662.6900,1,662.69,2268be64,XADF
2025-10-14 18:54:11.129,A,662.6900,1,662.69,fb35cb06,XADF
2025-10-14 18:54:10.245,M,662.6885,300,198806.55,0e57b99c,XADF
2025-10-14 18:54:00.559,M,662.6687,1,662.67,eeca5fa4,XADF
2025-10-14 18:53:52.069,M,662.6701,4,2650.68,dbc2ab76,XADF
2025-10-14 18:53:26.423,M,662.6950,1,662.70,4866ced2,XADF
2025-10-14 18:53:22.007,M,662.7199,600,397631.94,e2666a6e,XADF
2025-10-14 18:53:17.211,M,662.6950,1,662.70,bea6092b,XADF
2025-10-14 18:53:09.077,M,662.7185,999,662055.78,327745fd,XADF
2025-10-14 18:53:05.153,M,662.6901,30,19880.70,b828344e,XADF
2025-10-14 18:53:05.104,B,662.6900,10,6626.90,6652bf45,XADF
2025-10-14 18:52:57.302,M,662.7200,1,662.72,abcb8139,XADF
2025-10-14 18:52:51.045,M,662.7387,999,662075.96,673f2dcf,XADF
2025-10-14 18:52:43.214,M,662.7002,1,662.70,e42030b0,XADF
2025-10-14 18:52:42.151,M,662.7099,90,59643.89,d9bcde42,XADF
2025-10-14 18:52:31.104,M,662.6500,2,1325.30,494c82de,XADF
2025-10-14 18:52:22.018,M,662.6650,1,662.66,c5431aeb,XADF
2025-10-14 18:52:21.898,A,662.6900,4,2650.76,d7ee316a,XADF
2025-10-14 18:52:20.734,M,662.6650,1,662.66,c079f70b,XADF
2025-10-14 18:52:11.606,M,662.6899,1,662.69,e7c97b20,XADF
2025-10-14 18:52:05.134,M,662.6208,30,19878.62,3986c219,XADF
2025-10-14 18:51:54.125,M,662.7098,55,36449.04,d3740bf5,XADF
2025-10-14 18:51:52.833,M,662.6900,1,662.69,b3883320,XADF
2025-10-14 18:51:51.696,M,662.7099,55,36449.04,464791cf,XADF
2025-10-14 18:51:50.261,B,662.6700,1,662.67,37949e55,XADF
2025-10-14 18:51:49.906,M,662.6950,1,662.70,3026e62f,XADF
2025-10-14 18:51:49.753,B,662.6700,7,4638.69,8c17cfef,XADF
2025-10-14 18:51:49.725,M,662.7100,55,36449.05,ca696756,XADF
2025-10-14 18:51:48.621,M,662.7100,4,2650.84,e97e05e3,XADF
2025-10-14 18:51:48.620,M,662.7100,51,33798.21,f5730145,XADF
2025-10-14 18:51:47.623,M,662.6907,1,662.69,2e038679,XADF
2025-10-14 18:51:47.594,M,662.7187,1,662.72,9349d5a1,XADF
2025-10-14 18:51:43.679,M,662.6602,1,662.66,cea2ad0f,XADF
2025-10-14 18:51:43.015,A,662.6700,1,662.67,30d69809,XADF
2025-10-14 18:51:42.777,M,662.6602,1,662.66,499709ba,XADF
2025-10-14 18:51:42.031,M,662.6405,1,662.64,2eb028c8,XADF
2025-10-14 18:51:41.397,M,662.6207,1,662.62,c95ee3ce,XADF
2025-10-14 18:51:33.693,M,662.5907,1,662.59,df7f1189,XADF
2025-10-14 18:51:30.124,M,662.5800,1,662.58,07ea99ec,XADF
2025-10-14 18:51:27.536,M,662.5800,1,662.58,f72296f8,XADF
2025-10-14 18:51:23.823,M,662.5800,1,662.58,e8a3aa0e,XADF
2025-10-14 18:51:09.916,A,662.5900,1,662.59,c85d7a53,XADF
2025-10-14 18:51:02.134,M,662.5707,1,662.57,4bd5b7b5,XADF
2025-10-14 18:50:43.580,M,662.5410,1,662.54,d18d2bc1,XADF
2025-10-14 18:50:32.812,M,662.5215,1,662.52,01910c6c,XADF
2025-10-14 18:50:22.021,M,662.5200,1,662.52,72d432b1,XADF
2025-10-14 18:50:17.107,M,662.4601,800,529968.08,20854ab9,XADF
2025-10-14 18:50:17.107,M,662.4604,199,131829.62,5255275a,XADF
2025-10-14 18:50:14.187,M,662.4895,1,662.49,8ef37965,XADF
2025-10-14 18:50:14.186,M,662.5090,1,662.51,175c0f16,XADF
2025-10-14 18:50:14.171,A,662.5287,1,662.53,d5ff9492,XADF
2025-10-14 18:50:14.162,M,662.4900,10,6624.90,8d8f098c,XADF
2025-10-14 18:50:01.361,A,662.5650,1,662.56,736213ee,XADF
2025-10-14 18:50:01.191,M,662.5390,1,662.54,86b39e0d,XADF
2025-10-14 18:49:53.096,M,662.5710,1,662.57,f3abe8a6,XADF
2025-10-14 18:49:53.063,M,662.5510,1,662.55,b69c4f00,XADF
2025-10-14 18:49:53.052,B,662.5000,1,662.50,d6de135a,XADF
2025-10-14 18:49:52.523,B,662.5000,1,662.50,466a7bac,XADF
2025-10-14 18:49:43.732,A,662.5700,1,662.57,06d022b9,XADF
2025-10-14 18:49:43.286,A,662.5700,4,2650.28,d927e35b,XADF
2025-10-14 18:49:42.188,B,662.5200,4,2650.08,e23ac06b,XADF
2025-10-14 18:49:28.565,M,662.4906,100,66249.06,1907d271,XADF
2025-10-14 18:49:15.790,M,662.5000,90,59625.00,80a6dcf5,XADF
2025-10-14 18:49:13.602,M,662.4712,1,662.47,5fb55e99,XADF
2025-10-14 18:49:12.055,M,662.4950,1,662.50,0c545da1,XADF
2025-10-14 18:49:11.603,M,662.5187,1,662.52,8c0d1b96,XADF
2025-10-14 18:49:06.569,A,662.5400,1,662.54,9af96dd5,XADF
2025-10-14 18:49:05.168,A,662.5400,30,19876.20,9343053a,XADF
2025-10-14 18:49:04.865,M,662.5395,1,662.54,4e53e878,XADF
2025-10-14 18:49:02.823,M,662.5700,1,662.57,37388c32,XADF
2025-10-14 18:48:55.699,M,662.5650,1,662.56,2e445be7,XADF
2025-10-14 18:48:54.213,M,662.5550,1,662.56,280db875,XADF
2025-10-14 18:48:53.899,M,662.5550,1,662.56,89d207ed,XADF
2025-10-14 18:48:48.852,M,662.5690,1,662.57,d23cab63,XADF
2025-10-14 18:48:46.023,M,662.5412,1,662.54,b8ab3252,XADF
2025-10-14 18:48:38.059,M,662.5650,1,662.56,d58a11cc,XADF
2025-10-14 18:48:34.339,M,662.5427,90,59628.84,12f58c19,XADF
2025-10-14 18:48:31.755,B,662.5400,11,7287.94,6eed34e6,XADF
2025-10-14 18:48:30.903,M,662.5401,90,59628.61,12b4f325,XADF
2025-10-14 18:48:23.603,M,662.5887,1,662.59,616252c5,XADF
2025-10-14 18:48:17.017,A,662.6400,2,1325.28,16ab6057,XADF
2025-10-14 18:48:12.735,M,662.6150,1,662.62,e72679c6,XADF
2025-10-14 18:47:58.465,M,662.5912,1,662.59,25c03d40,XADF
2025-10-14 18:47:12.417,M,662.6115,1,662.61,035f1f90,XADF
2025-10-14 18:47:09.782,B,662.5900,100,66259.00,86be1c77,XADF
2025-10-14 18:47:09.713,M,662.6150,1,662.62,683c9c5a,XADF
2025-10-14 18:46:09.196,M,662.5700,71,47042.47,9ea85082,XADF
2025-10-14 18:45:58.402,M,662.5800,1,662.58,123dc47a,XADF
2025-10-14 18:45:57.360,M,662.5892,1,662.59,7f82063d,XADF
2025-10-14 18:45:57.360,M,662.6087,1,662.61,ffd0ce5d,XADF
2025-10-14 18:45:47.348,M,662.6450,1,662.64,d52de26b,XADF
2025-10-14 18:45:38.715,M,662.6450,1,662.64,5678e89c,XADF
2025-10-14 18:45:34.297,M,662.6600,90,59639.40,38c5c67a,XADF
2025-10-14 18:45:32.794,M,662.6450,1,662.64,14e861f0,XADF
2025-10-14 18:45:32.020,M,662.6600,90,59639.40,ae70a9a4,XADF
2025-10-14 18:45:31.894,B,662.6200,233,154390.46,9d9da4dd,XADF
2025-10-14 18:45:26.362,M,662.6699,100,66266.99,96d04304,XADF
2025-10-14 18:45:25.587,M,662.6310,1,662.63,4be6ab67,XADF
2025-10-14 18:45:23.430,M,662.6210,1,662.62,3474d75b,XADF
2025-10-14 18:45:16.426,M,662.5912,1,662.59,823fceac,XADF
2025-10-14 18:45:16.201,M,662.6050,1,662.60,9602e29d,XADF
2025-10-14 18:45:16.067,A,662.6400,7,4638.48,56cf0c5b,XADF
