time,side,price,size,premium,tid,exchange
2025-10-15 19:59:52.260,M,665.1650,1,665.16,4a55946c,XADF
2025-10-15 19:59:45.090,M,665.1101,23,15297.53,900f1b90,XADF
2025-10-15 19:59:30.985,B,665.1300,2,1330.26,b9c0cfb9,XADF
2025-10-15 19:59:22.024,M,665.1302,1,665.13,eb9a1517,XADF
2025-10-15 19:59:19.167,M,665.0990,1,665.10,9451c0e5,XADF
2025-10-15 19:59:16.276,A,665.1300,2,1330.26,0ab44795,XADF
2025-10-15 19:59:14.963,M,665.1087,1,665.11,40e40246,XADF
2025-10-15 19:59:14.684,A,665.1485,1,665.15,3d58cd37,XADF
2025-10-15 19:59:05.870,M,665.1061,100,66510.61,d03be56b,XADF
2025-10-15 19:59:05.119,M,665.0901,10,6650.90,ff3c7e1e,XADF
2025-10-15 19:58:57.194,M,665.1905,1,665.19,32ef808a,XADF
2025-10-15 19:58:52.217,M,665.1800,1,665.18,8b0bc2c7,XADF
2025-10-15 19:58:47.404,M,665.1511,100,66515.11,35baaea5,XADF
2025-10-15 19:58:46.767,M,665.1800,1,665.18,05e67274,XADF
2025-10-15 19:58:46.177,M,665.1515,1,665.15,6b87c3aa,XADF
2025-10-15 19:58:44.209,M,665.1410,1,665.14,aa930e86,XADF
2025-10-15 19:58:41.401,M,665.1147,100,66511.47,80fb419a,XADF
2025-10-15 19:58:35.595,M,665.0997,1,665.10,5b8305e5,XADF
2025-10-15 19:58:35.594,M,665.0997,1,665.10,9525e8b5,XADF
2025-10-15 19:58:35.379,M,665.1387,1,665.14,b15be6ec,XADF
2025-10-15 19:58:28.369,M,665.1350,1,665.14,6073d630,XADF
2025-10-15 19:58:23.124,M,665.1592,1,665.16,753247fd,XADF
2025-10-15 19:58:22.691,M,665.1873,34,22616.37,2ab0f1b9,XADF
2025-10-15 19:58:09.541,M,665.1850,1,665.18,3565dd8b,XADF
2025-10-15 19:58:05.139,M,665.1906,30,19955.72,ab96e6de,XADF
2025-10-15 19:58:05.099,M,665.1904,10,6651.90,f6fee432,XADF
2025-10-15 19:58:04.582,M,665.1907,1,665.19,81b94dd3,XADF
2025-10-15 19:57:53.305,M,665.1707,1,665.17,bec4ea55,XADF
2025-10-15 19:57:53.304,M,665.1707,1,665.17,5ab8159d,XADF
2025-10-15 19:57:50.370,M,665.1550,1,665.16,fcb269bc,XADF
2025-10-15 19:57:50.223,B,665.1400,1,665.14,f7fdf245,XADF
2025-10-15 19:57:34.371,M,665.1300,38,25274.94,fc5c8dea,XADF
2025-10-15 19:57:33.314,M,665.1150,1,665.12,59a840e2,XADF
2025-10-15 19:57:32.204,A,665.1400,10,6651.40,4db671d8,XADF
2025-10-15 19:57:29.570,M,665.1300,1,665.13,a1cceb5d,XADF
2025-10-15 19:57:26.841,M,665.1100,1,665.11,603eacd0,XADF
2025-10-15 19:57:19.501,M,665.1500,3,1995.45,e892a6c1,XADF
2025-10-15 19:57:12.396,B,665.1400,3,1995.42,8ea8ea21,XADF
2025-10-15 19:57:12.113,M,665.1550,1,665.16,58a84e4a,XADF
2025-10-15 19:57:11.301,M,665.1407,1,665.14,3cd39a3b,XADF
2025-10-15 19:57:10.354,M,665.1407,1,665.14,7de983e7,XADF
2025-10-15 19:57:06.645,M,665.1106,10,6651.11,74d8daec,XADF
2025-10-15 19:57:05.683,M,665.1101,30,19953.30,5af119a2,XADF
2025-10-15 19:57:04.286,M,665.1281,5,3325.64,fb9115a3,XADF
2025-10-15 19:57:00.692,M,665.1105,1,665.11,73276963,XADF
2025-10-15 19:56:59.462,M,665.1050,1,665.10,6fbd3f75,XADF
2025-10-15 19:56:57.765,M,665.0910,1,665.09,be35e950,XADF
2025-10-15 19:56:45.134,M,665.0612,1,665.06,445e366b,XADF
2025-10-15 19:56:38.862,M,665.0610,1,665.06,314ae1fb,XADF
2025-10-15 19:56:38.804,B,665.0210,1,665.02,b7490cd7,XADF
2025-10-15 19:56:31.965,B,664.9900,1,664.99,ccca9510,XADF
2025-10-15 19:56:17.201,M,665.0012,1,665.00,d482f460,XADF
2025-10-15 19:56:17.200,M,665.0012,1,665.00,7882d152,XADF
2025-10-15 19:56:17.199,M,665.0012,1,665.00,05e484e7,XADF
2025-10-15 19:56:09.506,M,664.9910,1,664.99,1df87dc9,XADF
2025-10-15 19:56:05.025,M,664.9612,1,664.96,db24a0a7,XADF
2025-10-15 19:55:54.764,M,664.9200,1,664.92,c0ac1eff,XADF
2025-10-15 19:55:53.196,M,664.9387,1,664.94,06c3ddb2,XADF
2025-10-15 19:55:47.057,M,664.9612,1,664.96,2fc743ca,XADF
2025-10-15 19:55:38.823,M,664.9821,10,6649.82,f6baa269,XADF
2025-10-15 19:55:33.871,M,664.9650,1,664.96,eb91b689,XADF
2025-10-15 19:55:33.747,A,664.9900,1,664.99,28537491,XADF
2025-10-15 19:55:31.053,M,664.9412,1,664.94,30cdb081,XADF
2025-10-15 19:55:24.362,M,664.9399,2,1329.88,ba0925e9,XADF
2025-10-15 19:55:23.707,A,664.9400,1,664.94,a5529a4a,XADF
2025-10-15 19:55:21.647,A,664.9500,2,1329.90,869694ac,XADF
2025-10-15 19:55:19.843,M,664.9150,1,664.92,e5e3d9b8,XADF
2025-10-15 19:55:02.065,M,664.9212,1,664.92,9852c4fe,XADF
2025-10-15 19:54:44.168,M,664.9300,1,664.93,456f488a,XADF
2025-10-15 19:54:43.080,A,664.9600,1,664.96,61c572a3,XADF
2025-10-15 19:54:37.099,B,664.9000,2,1329.80,8656a5b3,XADF
2025-10-15 19:54:35.606,M,664.9300,1,664.93,d9dc8a18,XADF
2025-10-15 19:54:26.067,A,664.9600,1,664.96,c8e88fef,XADF
2025-10-15 19:54:24.845,M,664.9350,1,664.94,623d04f4,XADF
2025-10-15 19:54:18.357,M,664.9110,1,664.91,3cc43873,XADF
2025-10-15 19:54:14.762,B,664.8800,1,664.88,366f9555,XADF
2025-10-15 19:54:09.862,B,664.8900,1,664.89,d3b885b8,XADF
2025-10-15 19:54:09.666,M,664.9250,1,664.92,49b3b6e2,XADF
2025-10-15 19:54:09.522,B,664.8900,2,1329.78,82eed137,XADF
2025-10-15 19:54:02.589,M,664.8901,100,66489.01,c3d01575,XADF
2025-10-15 19:53:53.416,M,664.8600,2,1329.72,c7fc069f,XADF
2025-10-15 19:53:48.585,M,664.8800,1,664.88,ae0cc285,XADF
2025-10-15 19:53:45.902,A,664.8900,3,1994.67,3af7ddd9,XADF
2025-10-15 19:53:43.541,M,664.8400,1,664.84,c8b04c13,XADF
2025-10-15 19:53:40.567,M,664.8650,1,664.86,a2274117,XADF
2025-10-15 19:53:40.337,M,664.8687,1,664.87,6cbf478d,XADF
2025-10-15 19:53:33.721,M,664.9115,1,664.91,3b668b6e,XADF
2025-10-15 19:53:27.255,M,664.8815,1,664.88,68678e89,XADF
2025-10-15 19:53:24.865,M,664.8850,1,664.88,6dd5a3a7,XADF
2025-10-15 19:53:16.320,M,664.8600,25,16621.50,f4f90422,XADF
2025-10-15 19:53:12.549,M,664.8600,1,664.86,352d79bc,XADF
2025-10-15 19:53:05.272,M,664.8600,15,9972.90,2d59ccd5,XADF
2025-10-15 19:53:04.464,M,664.8500,1,664.85,e51afc64,XADF
2025-10-15 19:52:52.207,M,664.8100,1,664.81,867b496d,XADF
2025-10-15 19:52:51.965,M,664.8500,1,664.85,fe647277,XADF
2025-10-15 19:52:51.785,M,664.8100,37,24597.97,5ca57b46,XADF
2025-10-15 19:52:49.286,M,664.8301,100,66483.01,129313de,XADF
2025-10-15 19:52:45.690,B,664.8200,1,664.82,706680ff,XADF
2025-10-15 19:52:23.741,M,664.8750,1,664.88,6c30cbf7,XADF
2025-10-15 19:52:13.916,M,664.8700,1,664.87,ef33bab0,XADF
2025-10-15 19:52:08.517,M,664.8712,1,664.87,824a4e15,XADF
2025-10-15 19:52:03.288,M,664.8512,1,664.85,8f71e8b8,XADF
2025-10-15 19:52:02.135,M,664.8315,1,664.83,ca772989,XADF
2025-10-15 19:52:01.721,M,664.8215,1,664.82,db2462c8,XADF
2025-10-15 19:51:59.963,M,664.7815,1,664.78,f6c36d35,XADF
2025-10-15 19:51:58.875,M,664.7750,1,664.78,d51a6602,XADF
2025-10-15 19:51:35.076,M,664.7487,1,664.75,5c6d29a4,XADF
2025-10-15 19:51:26.398,M,664.7783,1,664.78,b8909c72,XADF
2025-10-15 19:51:26.384,M,664.7783,5,3323.89,9f74e1da,XADF
2025-10-15 19:51:22.407,M,664.7983,10,6647.98,cee8a27d,XADF
2025-10-15 19:51:20.220,M,664.7687,1,664.77,421930f2,XADF
2025-10-15 19:51:14.851,M,664.7700,1,664.77,dd6c2294,XADF
2025-10-15 19:51:14.681,M,664.7996,2,1329.60,6c3c03de,XADF
2025-10-15 19:51:07.076,M,664.7785,1,664.78,608e396e,XADF
2025-10-15 19:51:05.115,M,664.7990,30,19943.97,5c228f77,XADF
2025-10-15 19:51:04.240,M,664.7787,1,664.78,1a681964,XADF
2025-10-15 19:51:01.099,M,664.7890,1,664.79,0f415f7f,XADF
2025-10-15 19:50:59.946,M,664.8200,1,664.82,051d865c,XADF
2025-10-15 19:50:59.222,M,664.8100,5,3324.05,757c30b5,XADF
2025-10-15 19:50:49.053,M,664.8097,1,664.81,7af79a59,XADF
2025-10-15 19:50:47.291,M,664.8097,1,664.81,3a6d6436,XADF
2025-10-15 19:50:45.229,M,664.8097,1,664.81,98d40015,XADF
2025-10-15 19:50:44.471,M,664.8200,1,664.82,04d321db,XADF
2025-10-15 19:50:42.716,M,664.8200,1,664.82,72ac1335,XADF
2025-10-15 19:50:42.042,A,664.8400,9,5983.56,7ec59593,XADF
2025-10-15 19:50:38.768,M,664.8390,1,664.84,acc72e53,XADF
2025-10-15 19:50:37.756,A,664.8390,1,664.84,f66bd103,XADF
2025-10-15 19:50:34.436,M,664.8599,3,1994.58,03c91436,XADF
2025-10-15 19:50:34.118,M,664.8587,1,664.86,0b7c698b,XADF
2025-10-15 19:50:33.985,A,664.8600,1,664.86,e876cf9c,XADF
2025-10-15 19:50:28.171,M,664.8889,10,6648.89,ac557849,XADF
2025-10-15 19:50:27.606,M,664.8587,1,664.86,a7b903ea,XADF
2025-10-15 19:50:27.604,M,664.8587,1,664.86,5ef45a39,XADF
2025-10-15 19:50:27.601,M,664.8892,1,664.89,f8a8ae3b,XADF
2025-10-15 19:50:22.482,M,664.9396,5,3324.70,075aab9c,XADF
2025-10-15 19:50:09.573,M,664.8900,2,1329.78,a28c90f8,XADF
2025-10-15 19:50:06.671,A,664.9100,5,3324.55,a3b4e349,XADF
2025-10-15 19:50:06.239,M,664.9088,10,6649.09,decc4afb,XADF
2025-10-15 19:50:06.134,A,664.9100,30,19947.30,5a90a581,XADF
2025-10-15 19:49:58.981,A,664.9087,1,664.91,3499071d,XADF
2025-10-15 19:49:58.662,M,664.9050,1,664.90,e1bdf015,XADF
2025-10-15 19:49:57.808,M,664.9100,1,664.91,55cbe1b1,XADF
2025-10-15 19:49:57.120,B,664.8900,1,664.89,c8fa25bf,XADF
2025-10-15 19:49:48.219,M,664.9100,1,664.91,7bece2f2,XADF
2025-10-15 19:49:44.936,M,664.9192,1,664.92,5502a488,XADF
2025-10-15 19:49:39.009,M,664.9500,1,664.95,19da0cf8,XADF
2025-10-15 19:49:29.021,A,664.9500,1,664.95,605f12c3,XADF
2025-10-15 19:49:28.014,M,664.9150,1,664.92,74cb88c0,XADF
2025-10-15 19:49:26.759,M,664.9150,1,664.92,d2568b05,XADF
2025-10-15 19:49:14.301,M,664.9109,8,5319.29,1c725f75,XADF
2025-10-15 19:49:14.272,M,664.9101,1,664.91,24654a24,XADF
2025-10-15 19:49:03.944,M,664.9550,1,664.96,94254f02,XADF
2025-10-15 19:49:02.214,M,664.9512,1,664.95,6a4eb60c,XADF
2025-10-15 19:48:58.385,A,665.0100,50,33250.50,996390df,XADF
2025-10-15 19:48:56.770,M,664.9650,1,664.96,2eb27237,XADF
2025-10-15 19:48:44.604,M,664.9387,1,664.94,fc19d7d6,XADF
2025-10-15 19:48:44.417,M,664.8987,1,664.90,a2e61be2,XADF
2025-10-15 19:48:44.415,M,664.9192,1,664.92,5e77c2b2,XADF
2025-10-15 19:48:43.017,M,664.9585,1,664.96,c1b60895,XADF
2025-10-15 19:48:40.782,M,664.9300,1,664.93,2116af32,XADF
2025-10-15 19:48:40.471,M,664.9587,1,664.96,3a2e81e8,XADF
2025-10-15 19:48:40.470,M,664.9587,1,664.96,d0e02eb0,XADF
2025-10-15 19:48:40.446,A,664.9600,50,33248.00,83450988,XADF
2025-10-15 19:48:40.066,A,664.9900,100,66499.00,f6a2cc50,XADF
2025-10-15 19:48:39.805,A,664.9900,1,664.99,9b1eaf90,XADF
2025-10-15 19:48:34.771,A,664.9900,1,664.99,a4c52cfa,XADF
2025-10-15 19:48:31.757,M,664.9800,1,664.98,2b3230fe,XADF
2025-10-15 19:48:12.747,M,665.0112,1,665.01,3f2a78cf,XADF
2025-10-15 19:48:07.880,B,664.9600,1,664.96,2ea12951,XADF
2025-10-15 19:48:07.478,M,664.9850,1,664.98,3a9dc1a5,XADF
2025-10-15 19:48:07.295,B,664.9600,3,1994.88,a432af13,XADF
2025-10-15 19:48:06.590,M,665.0182,1,665.02,860ba20d,XADF
2025-10-15 19:47:51.514,M,664.9601,58,38567.69,ba1ceb84,XADF
2025-10-15 19:47:51.514,M,664.9601,42,27928.32,ab71c143,XADF
2025-10-15 19:47:51.487,M,664.9607,200,132992.14,7b72d6c0,XADF
2025-10-15 19:47:48.075,M,665.0102,1,665.01,71086545,XADF
2025-10-15 19:47:48.072,M,665.0102,1,665.01,ef310198,XADF
2025-10-15 19:47:44.258,M,664.9587,1,664.96,667f57c2,XADF
2025-10-15 19:47:43.423,M,664.9387,1,664.94,c457ef31,XADF
2025-10-15 19:47:43.402,A,664.9400,1,664.94,3b856b7e,XADF
2025-10-15 19:47:42.055,M,664.9592,1,664.96,bd8707fb,XADF
2025-10-15 19:47:42.054,A,664.9787,1,664.98,1084e017,XADF
2025-10-15 19:47:39.638,M,664.9650,1,664.96,e8f7f165,XADF
2025-10-15 19:47:36.519,M,664.9887,1,664.99,683690e6,XADF
2025-10-15 19:47:36.216,M,664.9650,1,664.96,1e1474b9,XADF
2025-10-15 19:47:34.374,M,664.9887,1,664.99,5f003e02,XADF
2025-10-15 19:47:33.106,M,665.0214,2,1330.04,489adc4b,XADF
2025-10-15 19:47:27.710,M,665.0087,1,665.01,511234a0,XADF
2025-10-15 19:47:27.545,M,665.0200,1,665.02,6e2bad55,XADF
2025-10-15 19:47:26.515,M,665.0390,1,665.04,d4c3dc41,XADF
2025-10-15 19:47:26.171,M,665.0587,1,665.06,9f223bc5,XADF
2025-10-15 19:47:10.481,M,665.0785,1,665.08,4eae86b1,XADF
2025-10-15 19:46:58.008,M,665.1250,1,665.12,0cb22d26,XADF
2025-10-15 19:46:51.845,M,665.1250,1,665.12,ca260585,XADF
2025-10-15 19:46:44.290,M,665.0887,1,665.09,933015be,XADF
2025-10-15 19:46:42.083,M,665.1085,1,665.11,c0d52e0d,XADF
2025-10-15 19:46:39.913,A,665.1287,1,665.13,6a506752,XADF
2025-10-15 19:46:39.524,M,665.1390,1,665.14,54d51a34,XADF
2025-10-15 19:46:25.799,M,665.2100,9,5986.89,1d68c028,XADF
2025-10-15 19:46:11.907,M,665.1802,1,665.18,78c0eb10,XADF
2025-10-15 19:46:07.757,M,665.1502,1,665.15,ba0d6c74,XADF
2025-10-15 19:46:02.617,B,665.1300,1,665.13,35e1bb91,XADF
2025-10-15 19:46:02.094,M,665.1307,1,665.13,2aa9b154,XADF
2025-10-15 19:46:02.093,M,665.1307,1,665.13,4ed9e3fb,XADF
2025-10-15 19:45:51.126,M,665.1012,1,665.10,54c7811a,XADF
2025-10-15 19:45:50.000,M,665.1012,1,665.10,946f11a2,XADF
2025-10-15 19:45:47.776,M,665.0612,1,665.06,72778afb,XADF
2025-10-15 19:45:45.346,M,665.0512,1,665.05,0b819788,XADF
2025-10-15 19:45:44.958,M,665.0650,1,665.06,df6cd146,XADF
2025-10-15 19:45:43.617,M,665.0310,1,665.03,e23ec0f0,XADF
2025-10-15 19:45:34.784,M,664.9987,1,665.00,37a775c9,XADF
2025-10-15 19:45:32.117,M,665.0050,1,665.00,ba2a41fd,XADF
2025-10-15 19:45:13.246,M,665.0100,1,665.01,d22bd821,XADF
2025-10-15 19:45:07.554,M,665.0190,1,665.02,64882fc9,XADF
2025-10-15 19:45:07.167,M,665.0385,1,665.04,45bf11cc,XADF
2025-10-15 19:45:03.222,M,665.0587,1,665.06,f068b80b,XADF
2025-10-15 19:45:01.379,A,665.0590,1,665.06,5e26939f,XADF
2025-10-15 19:44:53.197,M,665.0890,1,665.09,277e0ed9,XADF
2025-10-15 19:44:52.364,M,665.0800,1,665.08,402283d6,XADF
2025-10-15 19:44:48.338,A,665.1087,1,665.11,73625b8c,XADF
2025-10-15 19:44:44.417,A,665.1800,1,665.18,cf47f896,XADF
2025-10-15 19:44:43.556,M,665.1550,1,665.16,e06ee7ce,XADF
2025-10-15 19:44:34.756,M,665.1150,1,665.12,ec66395e,XADF
2025-10-15 19:44:32.977,M,665.1450,1,665.14,f2d92495,XADF
2025-10-15 19:44:32.246,M,665.1307,1,665.13,21d7a232,XADF
2025-10-15 19:44:32.233,M,665.1560,5,3325.78,28a62891,XADF
2025-10-15 19:44:28.864,M,665.1210,1,665.12,a7d32190,XADF
2025-10-15 19:44:25.869,M,665.1012,1,665.10,a3ef2012,XADF
2025-10-15 19:44:21.357,M,665.1015,1,665.10,c0bcbedc,XADF
2025-10-15 19:44:20.024,M,665.0807,1,665.08,17ca4f9f,XADF
2025-10-15 19:44:15.176,B,665.0500,100,66505.00,d38c4f92,XADF
2025-10-15 19:44:14.609,B,665.0500,9,5985.45,f300416b,XADF
2025-10-15 19:44:05.146,B,665.0400,30,19951.20,e29a60b8,XADF
2025-10-15 19:44:04.557,M,665.0417,1,665.04,4d2090e7,XADF
2025-10-15 19:44:02.186,M,665.0312,1,665.03,73eae6f7,XADF
2025-10-15 19:44:02.162,M,665.0400,1,665.04,7b8d5a35,XADF
2025-10-15 19:44:02.027,B,665.0100,52,34580.52,079e775d,XADF
2025-10-15 19:43:56.323,B,664.9800,40,26599.20,26e34020,XADF
2025-10-15 19:43:50.264,M,664.9987,1,665.00,8b63d170,XADF
2025-10-15 19:43:50.163,M,665.0190,1,665.02,fc87fa9a,XADF
2025-10-15 19:43:50.142,M,665.0385,1,665.04,9ac6a0ed,XADF
2025-10-15 19:43:48.713,M,665.0810,1,665.08,bbdf5cbf,XADF
2025-10-15 19:43:43.770,M,665.0512,1,665.05,37ebdb24,XADF
2025-10-15 19:43:35.279,M,665.0307,1,665.03,820452b4,XADF
2025-10-15 19:43:33.934,M,665.0012,1,665.00,73a4cd7e,XADF
2025-10-15 19:43:30.557,M,665.0200,1,665.02,dc384509,XADF
2025-10-15 19:43:30.431,B,664.9900,3,1994.97,3448721f,XADF
2025-10-15 19:43:27.577,M,665.0010,1,665.00,727a4948,XADF
2025-10-15 19:43:25.121,M,664.9810,1,664.98,79d31d61,XADF
2025-10-15 19:43:24.838,B,664.9500,13,8644.35,9b0d2fb9,XADF
2025-10-15 19:43:22.364,M,664.9700,1,664.97,cf740f43,XADF
2025-10-15 19:43:19.380,A,665.0000,1,665.00,b99e4126,XADF
2025-10-15 19:43:19.044,M,664.9999,167,111054.98,252a6156,XADF
2025-10-15 19:43:19.043,M,664.9999,133,88444.99,764bcec4,XADF
2025-10-15 19:43:14.258,M,664.9507,1,664.95,ef6a9e8d,XADF
2025-10-15 19:43:09.136,M,664.9301,8,5319.44,2c55c08f,XADF
2025-10-15 19:43:01.936,M,664.9307,1,664.93,d0559b21,XADF
2025-10-15 19:42:49.164,M,664.9012,1,664.90,d4addd9a,XADF
2025-10-15 19:42:46.815,M,664.8700,1,664.87,7bd8f1d8,XADF
2025-10-15 19:42:45.863,M,664.8700,1,664.87,f08d1be7,XADF
2025-10-15 19:42:38.760,M,664.8690,1,664.87,72f245c9,XADF
2025-10-15 19:42:33.150,M,664.8650,1,664.86,cb4addd6,XADF
2025-10-15 19:42:29.575,B,664.8400,9,5983.56,1e8356d3,XADF
2025-10-15 19:42:25.824,M,664.8987,1,664.90,0c531636,XADF
2025-10-15 19:42:23.991,A,664.9200,1,664.92,b481235b,XADF
2025-10-15 19:42:23.884,M,664.9190,1,664.92,48d59535,XADF
2025-10-15 19:42:22.169,B,664.9500,10,6649.50,c32586cb,XADF
2025-10-15 19:42:14.390,M,664.9515,1,664.95,17150a35,XADF
2025-10-15 19:42:11.456,M,664.9512,1,664.95,67fd5357,XADF
2025-10-15 19:42:08.703,M,664.9310,1,664.93,c2bdb1e0,XADF
2025-10-15 19:42:07.243,M,664.9007,1,664.90,74411c08,XADF
2025-10-15 19:42:05.059,M,664.9105,1,664.91,86b7c7bd,XADF
2025-10-15 19:42:05.059,M,664.8910,1,664.89,554fbc97,XADF
2025-10-15 19:42:04.173,M,664.8810,1,664.88,699c46e0,XADF
2025-10-15 19:42:02.521,M,664.8017,1,664.80,142b1fbf,XADF
2025-10-15 19:42:02.000,M,664.8510,1,664.85,2178aa7f,XADF
2025-10-15 19:42:01.451,M,664.7910,1,664.79,3e9b8b67,XADF
2025-10-15 19:42:01.211,M,664.7810,1,664.78,20bf7ab8,XADF
2025-10-15 19:41:57.467,M,664.7500,10,6647.50,abbeaa2b,XADF
2025-10-15 19:41:56.807,M,664.7100,11,7311.81,be8f6d65,XADF
2025-10-15 19:41:54.458,A,664.7500,1,664.75,e4b0b505,XADF
2025-10-15 19:41:49.973,M,664.7287,1,664.73,923b0173,XADF
2025-10-15 19:41:47.996,M,664.7487,1,664.75,7ae21bad,XADF
2025-10-15 19:41:43.964,M,664.7690,1,664.77,44f84145,XADF
2025-10-15 19:41:34.813,M,664.8200,1,664.82,b53ebe0d,XADF
2025-10-15 19:41:33.359,M,664.7912,1,664.79,622d3820,XADF
2025-10-15 19:41:20.856,B,664.7800,1,664.78,0dd4795d,XADF
2025-10-15 19:41:19.663,M,664.8010,1,664.80,78827b02,XADF
2025-10-15 19:41:14.466,B,664.7400,1,664.74,3f3f14d4,XADF
2025-10-15 19:41:13.965,M,664.7700,1,664.77,8b72e408,XADF
2025-10-15 19:41:13.823,B,664.7400,20,13294.80,5c5e84ee,XADF
2025-10-15 19:41:13.146,M,664.7495,1,664.75,36971c20,XADF
2025-10-15 19:40:58.866,M,664.7490,1,664.75,6f2da64e,XADF
2025-10-15 19:40:58.865,M,664.7490,1,664.75,2b928b5b,XADF
2025-10-15 19:40:55.003,M,664.7982,1,664.80,f41991ba,XADF
2025-10-15 19:40:54.188,M,664.7692,1,664.77,afb489e8,XADF
2025-10-15 19:40:53.313,M,664.8182,1,664.82,3674d355,XADF
2025-10-15 19:40:52.182,M,664.8282,1,664.83,aeaa0c9f,XADF
2025-10-15 19:40:49.895,M,664.8485,1,664.85,a81f269e,XADF
2025-10-15 19:40:49.715,M,664.8692,1,664.87,47964506,XADF
2025-10-15 19:40:47.791,M,664.9199,10,6649.20,dc9f34ae,XADF
2025-10-15 19:40:47.006,M,664.9381,10,6649.38,776bd0c6,XADF
2025-10-15 19:40:30.713,M,664.9250,1,664.92,c6d11eda,XADF
2025-10-15 19:40:26.887,M,664.9100,1,664.91,fe251739,XADF
2025-10-15 19:40:22.945,M,664.8910,1,664.89,5e68f66f,XADF
2025-10-15 19:40:16.357,M,664.8987,10,6648.99,5469ebad,XADF
2025-10-15 19:40:11.516,M,664.8800,1,664.88,5f53f951,XADF
2025-10-15 19:40:11.208,M,664.9088,10,6649.09,c0d43150,XADF
2025-10-15 19:40:09.110,M,664.8810,1,664.88,3846d4a5,XADF
2025-10-15 19:39:59.665,M,664.8385,1,664.84,e3e5940f,XADF
2025-10-15 19:39:59.644,M,664.8492,1,664.85,29d1a92e,XADF
2025-10-15 19:39:58.145,M,664.8696,4,2659.48,86ade618,XADF
2025-10-15 19:39:57.563,A,664.8700,20,13297.40,f0a0a5af,XADF
2025-10-15 19:39:57.332,M,664.8699,10,6648.70,aa3dd932,XADF
2025-10-15 19:39:53.967,M,664.8690,1,664.87,9d7d1b89,XADF
2025-10-15 19:39:53.035,M,664.8690,1,664.87,91463f68,XADF
2025-10-15 19:39:51.378,M,664.8885,1,664.89,8ae8192b,XADF
2025-10-15 19:39:48.470,B,664.8800,6,3989.28,7ff993c1,XADF
2025-10-15 19:39:40.633,M,664.9199,10,6649.20,31365ba4,XADF
2025-10-15 19:39:32.071,M,664.9084,2,1329.82,a9868ada,XADF
2025-10-15 19:39:30.858,M,664.9087,1,664.91,13b440d2,XADF
2025-10-15 19:39:25.046,A,664.9700,1,664.97,46c769d5,XADF
2025-10-15 19:39:20.448,M,664.9989,1,665.00,ab2f3a3d,XADF
2025-10-15 19:39:17.754,M,664.9350,1,664.94,b96c7f0e,XADF
2025-10-15 19:39:17.599,A,664.9700,2,1329.94,2e701e66,XADF
2025-10-15 19:39:09.836,M,664.9699,5,3324.85,7d1c01d7,XADF
2025-10-15 19:39:09.358,M,664.9650,1,664.96,9cb30641,XADF
2025-10-15 19:39:05.737,M,664.9320,1,664.93,1c79b996,XADF
2025-10-15 19:39:04.528,M,664.9122,1,664.91,7cafac3c,XADF
2025-10-15 19:39:03.074,M,664.9310,1,664.93,6d9af75d,XADF
2025-10-15 19:39:01.973,M,664.8902,1,664.89,59617b0b,XADF
2025-10-15 19:39:00.697,M,664.8800,8,5319.04,1289b4e8,XADF
2025-10-15 19:38:58.701,M,664.8610,1,664.86,2ae65723,XADF
2025-10-15 19:38:55.708,M,664.8402,1,664.84,8418e9ee,XADF
2025-10-15 19:38:53.985,M,664.8305,1,664.83,f5f2e80d,XADF
2025-10-15 19:38:52.854,M,664.8305,1,664.83,db079da6,XADF
2025-10-15 19:38:51.425,M,664.7700,10,6647.70,011c3fb2,XADF
2025-10-15 19:38:45.994,B,664.7400,1,664.74,17942bd2,XADF
2025-10-15 19:38:45.506,B,664.7400,1,664.74,955b9ecb,XADF
2025-10-15 19:38:44.410,M,664.7690,1,664.77,fff68a85,XADF
2025-10-15 19:38:44.024,M,664.7692,1,664.77,ce583d96,XADF
2025-10-15 19:38:32.887,A,664.8200,1,664.82,d6520c27,XADF
2025-10-15 19:38:29.944,M,664.7687,1,664.77,86f4bf66,XADF
2025-10-15 19:38:29.941,A,664.7790,1,664.78,5744c40d,XADF
2025-10-15 19:38:29.297,M,664.7980,1,664.80,8b35b6d2,XADF
2025-10-15 19:38:29.269,M,664.8297,1,664.83,34fdbbfd,XADF
2025-10-15 19:38:29.269,M,664.8185,1,664.82,014ca646,XADF
2025-10-15 19:38:29.263,A,664.8587,1,664.86,5d69fda4,XADF
2025-10-15 19:38:18.377,B,664.8000,1,664.80,3e1db6ad,XADF
2025-10-15 19:38:17.978,M,664.8500,1,664.85,be94780d,XADF
2025-10-15 19:38:17.812,B,664.8000,15,9972.00,0560dc47,XADF
2025-10-15 19:38:15.005,M,664.8490,1,664.85,62356348,XADF
2025-10-15 19:38:15.001,M,664.8685,1,664.87,1bdc453a,XADF
2025-10-15 19:38:15.000,M,664.8685,1,664.87,6ff903e3,XADF
2025-10-15 19:38:14.949,M,664.9172,1,664.92,dbda2bfc,XADF
2025-10-15 19:38:14.948,M,664.9172,1,664.92,4c915dbd,XADF
2025-10-15 19:38:14.946,A,664.9495,1,664.95,f11ca1a2,XADF
2025-10-15 19:38:05.170,M,664.9699,30,19949.10,7fee92f9,XADF
2025-10-15 19:38:02.672,M,664.9992,1000,664999.20,e757a53d,XADF
2025-10-15 19:38:01.661,M,664.9450,1,664.94,7c0d47b5,XADF
2025-10-15 19:37:56.958,M,664.9300,100,66493.00,2bc09f9a,XADF
2025-10-15 19:37:55.860,M,664.9350,1,664.94,6306e030,XADF
2025-10-15 19:37:51.457,M,664.9650,1,664.96,160fc332,XADF
2025-10-15 19:37:49.461,M,664.9314,50,33246.57,51cf13ab,XADF
2025-10-15 19:37:44.864,M,664.9690,1,664.97,b1f7ff31,XADF
2025-10-15 19:37:37.471,M,664.9700,1,664.97,3c3743de,XADF
2025-10-15 19:37:35.673,A,664.9700,14,9309.58,e6280917,XADF
2025-10-15 19:37:34.669,M,664.9350,1,664.94,6338330e,XADF
2025-10-15 19:37:31.591,M,664.9692,1,664.97,45d80f79,XADF
2025-10-15 19:37:30.094,M,664.9995,1,665.00,41c4999a,XADF
2025-10-15 19:37:29.081,M,665.0092,1,665.01,35624c45,XADF
2025-10-15 19:37:26.464,B,665.0100,1,665.01,0fe6cba6,XADF
2025-10-15 19:37:26.164,A,665.0400,1,665.04,e099175e,XADF
2025-10-15 19:37:25.914,B,665.0100,1,665.01,9fab0035,XADF
2025-10-15 19:37:25.833,A,665.0300,189,125690.67,4df1cb71,XADF
2025-10-15 19:37:17.718,M,665.0400,1,665.04,fedbc9d0,XADF
2025-10-15 19:37:17.195,M,665.0305,1,665.03,a07c5501,XADF
2025-10-15 19:37:16.365,M,665.0300,1,665.03,d6c2d798,XADF
2025-10-15 19:37:16.186,A,665.0500,3,1995.15,989a5ccb,XADF
2025-10-15 19:37:08.639,M,665.0300,1,665.03,c66edb2f,XADF
2025-10-15 19:37:02.343,M,665.0300,1,665.03,9f6b4f51,XADF
2025-10-15 19:37:02.221,A,665.0500,4,2660.20,6fcc5c4b,XADF
2025-10-15 19:37:01.720,A,665.0500,50,33252.50,c46122f8,XADF
2025-10-15 19:36:46.252,M,665.0100,1,665.01,9666782e,XADF
2025-10-15 19:36:40.559,A,665.0200,1,665.02,1644ba8e,XADF
2025-10-15 19:36:38.072,M,665.0300,5,3325.15,7baf0ed1,XADF
2025-10-15 19:36:22.323,M,665.0097,1,665.01,da7efd70,XADF
2025-10-15 19:36:20.567,M,665.0097,1,665.01,ce4e7092,XADF
2025-10-15 19:36:20.567,M,665.0097,1,665.01,3b57afcb,XADF
2025-10-15 19:36:19.382,M,665.0390,1,665.04,b02d9b32,XADF
2025-10-15 19:36:19.148,M,665.0390,1,665.04,9ef485cb,XADF
2025-10-15 19:36:18.361,M,665.0590,1,665.06,1dd5c0ed,XADF
2025-10-15 19:36:17.342,M,665.0650,1,665.06,6906290f,XADF
2025-10-15 19:36:14.572,M,665.1150,1,665.12,abe51501,XADF
2025-10-15 19:36:14.464,M,665.1387,1,665.14,fafc439a,XADF
2025-10-15 19:36:07.407,M,665.0910,1,665.09,7e9f099e,XADF
2025-10-15 19:35:37.941,M,665.0950,1,665.10,551f4133,XADF
2025-10-15 19:35:36.965,M,665.0950,1,665.10,588602ea,XADF
2025-10-15 19:35:26.327,M,665.0801,1,665.08,ead314b5,XADF
2025-10-15 19:35:26.120,M,665.0812,1,665.08,f1d04b1f,XADF
2025-10-15 19:35:26.061,B,665.0500,100,66505.00,89e501df,XADF
2025-10-15 19:35:23.201,M,665.0615,1,665.06,812f406a,XADF
2025-10-15 19:35:21.611,M,665.0417,1,665.04,c90301a4,XADF
2025-10-15 19:35:06.321,A,665.0200,30,19950.60,63e53a61,XADF
2025-10-15 19:35:05.372,M,665.0197,1,665.02,9d02dcb3,XADF
2025-10-15 19:35:01.409,M,665.0350,1,665.04,bdfec90d,XADF
2025-10-15 19:34:59.088,M,665.0390,1,665.04,3e47a2d7,XADF
2025-10-15 19:34:56.997,M,665.0195,1,665.02,38fc7d52,XADF
2025-10-15 19:34:55.878,M,665.0490,1,665.05,ea04e1b9,XADF
2025-10-15 19:34:55.877,M,665.0697,1,665.07,2e385be0,XADF
2025-10-15 19:34:48.357,M,665.0850,1,665.08,32f322ac,XADF
2025-10-15 19:34:44.667,M,665.0690,1,665.07,e7852b14,XADF
2025-10-15 19:34:44.662,M,665.0885,1,665.09,5c73338f,XADF
2025-10-15 19:34:44.659,M,665.0992,1,665.10,e702c1de,XADF
2025-10-15 19:34:42.278,M,665.1290,1,665.13,df4f8498,XADF
2025-10-15 19:34:38.841,A,665.1700,4,2660.68,187c91dd,XADF
2025-10-15 19:34:26.028,A,665.1800,4,2660.72,0c87fb20,XADF
2025-10-15 19:34:18.982,M,665.1696,1,665.17,02d32666,XADF
2025-10-15 19:34:16.308,A,665.1800,4,2660.72,4aa6da6e,XADF
2025-10-15 19:34:08.985,M,665.1492,1,665.15,e28b21bc,XADF
2025-10-15 19:34:06.822,M,665.1500,1,665.15,327201cd,XADF
2025-10-15 19:34:05.555,A,665.1700,4,2660.68,2c4341d0,XADF
2025-10-15 19:33:46.624,M,665.1650,1,665.16,4284469f,XADF
2025-10-15 19:33:31.958,M,665.1500,1,665.15,f102b69a,XADF
2025-10-15 19:33:19.323,M,665.1782,1,665.18,8fbb7077,XADF
2025-10-15 19:33:04.065,M,665.1500,1,665.15,35f03884,XADF
2025-10-15 19:33:03.106,M,665.1695,1,665.17,3e358101,XADF
2025-10-15 19:33:03.095,A,665.1700,15,9977.55,1c92f102,XADF
2025-10-15 19:32:42.967,M,665.1797,1,665.18,8bc3fcf5,XADF
2025-10-15 19:32:34.642,M,665.2090,1,665.21,4dd05a67,XADF
2025-10-15 19:32:33.762,M,665.2190,1,665.22,09a8dd8a,XADF
2025-10-15 19:32:15.941,M,665.2700,1,665.27,9e6c06e2,XADF
2025-10-15 19:32:08.558,M,665.2512,1,665.25,03c77b0c,XADF
2025-10-15 19:32:08.536,B,665.2500,2,1330.50,bad92740,XADF
2025-10-15 19:32:08.409,M,665.2700,7,4656.89,175ec240,XADF
2025-10-15 19:32:05.161,B,665.2300,30,19956.90,8406cdfc,XADF
2025-10-15 19:32:00.999,B,665.2300,3,1995.69,80db420b,XADF
2025-10-15 19:32:00.998,M,665.2307,1,665.23,72121877,XADF
2025-10-15 19:31:48.206,M,665.2110,1,665.21,c2993f64,XADF
2025-10-15 19:31:37.466,M,665.2150,1,665.22,bc5d5d7a,XADF
2025-10-15 19:31:34.782,M,665.1910,1,665.19,ad0e5954,XADF
2025-10-15 19:31:31.643,A,665.2000,10,6652.00,0a11d0e6,XADF
2025-10-15 19:31:15.556,M,665.1850,1,665.18,a863d259,XADF
2025-10-15 19:31:15.289,B,665.1500,3,1995.45,3f8aa893,XADF
2025-10-15 19:31:09.045,M,665.1815,1,665.18,cb0a1ea5,XADF
2025-10-15 19:31:06.687,M,665.1497,1,665.15,22010e86,XADF
2025-10-15 19:31:06.686,M,665.1497,1,665.15,42f8663a,XADF
2025-10-15 19:31:05.366,B,665.1800,30,19955.40,991b4f3d,XADF
2025-10-15 19:31:02.648,M,665.1800,5,3325.90,0b32799e,XADF
2025-10-15 19:31:02.439,M,665.1750,1,665.18,d9d64cc7,XADF
2025-10-15 19:30:47.323,M,665.1850,1,665.18,d4ece96c,XADF
2025-10-15 19:30:38.294,M,665.2010,1,665.20,69b03943,XADF
2025-10-15 19:30:35.663,B,665.1700,1,665.17,211a05b2,XADF
2025-10-15 19:30:35.608,M,665.1802,1,665.18,814e5127,XADF
2025-10-15 19:30:32.469,M,665.1505,1,665.15,8f0c0260,XADF
2025-10-15 19:30:28.201,M,665.1698,3,1995.51,c03d9b2b,XADF
2025-10-15 19:30:28.163,M,665.1310,1,665.13,aa42a565,XADF
2025-10-15 19:30:27.833,B,665.1300,4,2660.52,2e6dc09d,XADF
2025-10-15 19:30:26.232,M,665.1110,1,665.11,fe86e4e2,XADF
2025-10-15 19:30:19.649,B,665.0800,3,1995.24,feca0b4d,XADF
2025-10-15 19:30:19.288,M,665.1012,1,665.10,710644d9,XADF
2025-10-15 19:30:17.034,M,665.0712,1,665.07,6894916b,XADF
2025-10-15 19:30:13.950,B,665.0500,10,6650.50,17d2dbbf,XADF
2025-10-15 19:30:06.581,A,665.1200,1,665.12,d7ef3c17,XADF
2025-10-15 19:30:05.268,M,665.0517,1,665.05,219ca7dd,XADF
2025-10-15 19:30:03.911,M,665.0512,1,665.05,70b12994,XADF
2025-10-15 19:30:03.366,B,665.0300,1,665.03,ca971e5c,XADF
2025-10-15 19:30:02.824,B,665.0300,32,21280.96,f6a87358,XADF
2025-10-15 19:30:01.823,M,665.0305,1,665.03,cc2812eb,XADF
2025-10-15 19:29:55.813,M,665.0100,10,6650.10,4f5f562a,XADF
2025-10-15 19:29:47.648,M,665.0100,1,665.01,2fe1b3a8,XADF
2025-10-15 19:29:47.082,M,665.0005,1,665.00,8dee7407,XADF
2025-10-15 19:29:28.743,M,665.0050,1,665.00,99b541fe,XADF
2025-10-15 19:29:26.385,M,664.9810,1,664.98,8e3b7949,XADF
2025-10-15 19:29:23.635,M,664.9615,1,664.96,8c0f2b81,XADF
2025-10-15 19:29:20.096,M,664.9512,1,664.95,2547773b,XADF
2025-10-15 19:29:14.240,M,664.8987,1,664.90,5ea6e981,XADF
2025-10-15 19:29:14.075,A,664.9280,1,664.93,11cb9c72,XADF
2025-10-15 19:29:14.075,A,664.9377,1,664.94,7e7d65fd,XADF
2025-10-15 19:29:14.063,A,664.9300,20,13298.60,32bee585,XADF
2025-10-15 19:29:14.029,A,664.9695,1,664.97,c4f85e0d,XADF
2025-10-15 19:29:14.029,A,664.9695,1,664.97,59f5d3eb,XADF
2025-10-15 19:28:53.793,M,664.9985,1,665.00,711528f8,XADF
2025-10-15 19:28:53.325,A,665.0000,1,665.00,9c1e7e48,XADF
2025-10-15 19:28:52.743,M,664.9985,1,665.00,abdc63a8,XADF
2025-10-15 19:28:48.632,M,665.0212,1,665.02,54da7f59,XADF
2025-10-15 19:28:48.364,M,665.0310,1,665.03,44b81a44,XADF
2025-10-15 19:28:48.176,B,664.9750,1,664.98,88013db7,XADF
2025-10-15 19:28:46.189,M,664.9990,1,665.00,60f08d15,XADF
2025-10-15 19:28:46.172,M,664.9605,1,664.96,b714eb8f,XADF
2025-10-15 19:28:46.159,M,664.9605,1,664.96,211a3a8f,XADF
2025-10-15 19:28:39.082,A,665.0200,1,665.02,2e4acb88,XADF
2025-10-15 19:28:32.846,M,665.0150,1,665.02,85c91349,XADF
2025-10-15 19:28:31.420,B,664.9690,1,664.97,090edffd,XADF
2025-10-15 19:28:31.420,M,665.0097,1,665.01,0c49968c,XADF
2025-10-15 19:28:31.419,M,665.0195,1,665.02,eee9be3f,XADF
2025-10-15 19:28:27.040,M,665.0400,1,665.04,67123b91,XADF
2025-10-15 19:28:12.549,M,665.0300,1,665.03,56660f5b,XADF
2025-10-15 19:27:50.121,M,665.0150,1,665.02,7923f12d,XADF
2025-10-15 19:27:43.519,M,665.0507,1,665.05,926baeb0,XADF
2025-10-15 19:27:36.183,B,665.0000,3,1995.00,38ad4484,XADF
2025-10-15 19:27:36.179,B,665.0000,4,2660.00,dd86e58d,XADF
2025-10-15 19:27:26.158,M,665.0100,1,665.01,f17b938a,XADF
2025-10-15 19:27:24.626,M,665.0195,1,665.02,7791d87b,XADF
2025-10-15 19:27:18.166,M,665.0250,1,665.02,7fda2c30,XADF
2025-10-15 19:27:15.321,M,665.0195,1,665.02,43ea1c91,XADF
2025-10-15 19:27:15.320,M,665.0195,1,665.02,d371f8d0,XADF
2025-10-15 19:27:15.295,A,665.0592,1,665.06,f22c1fd1,XADF
2025-10-15 19:27:15.295,A,665.0890,1,665.09,4beea6ac,XADF
2025-10-15 19:27:15.294,A,665.0987,1,665.10,47906ebe,XADF
2025-10-15 19:27:14.643,M,665.1287,1,665.13,195bedf7,XADF
2025-10-15 19:27:11.874,M,665.1696,1,665.17,e82ed14a,XADF
2025-10-15 19:27:05.473,A,665.1700,1,665.17,73618659,XADF
2025-10-15 19:27:00.977,M,665.1487,1,665.15,fe34bbd1,XADF
2025-10-15 19:26:49.581,M,665.1802,1,665.18,8bac49ce,XADF
2025-10-15 19:26:44.080,M,665.1510,1,665.15,06f7693f,XADF
2025-10-15 19:26:37.271,M,665.1750,1,665.18,5e04f03a,XADF
2025-10-15 19:26:32.320,M,665.1317,1,665.13,fa40662d,XADF
2025-10-15 19:26:29.213,M,665.1310,1,665.13,dcb53e6a,XADF
2025-10-15 19:26:26.756,M,665.1110,1,665.11,8ddaeae7,XADF
2025-10-15 19:26:25.641,B,665.0910,1,665.09,24dba7b9,XADF
2025-10-15 19:26:25.409,M,665.0750,1,665.08,6e135b11,XADF
2025-10-15 19:26:22.447,M,665.0750,1,665.08,8c659e49,XADF
2025-10-15 19:26:15.164,M,665.0850,1,665.08,a1d2678d,XADF
2025-10-15 19:26:15.104,M,665.0810,1,665.08,82451a73,XADF
2025-10-15 19:26:11.107,M,665.0512,1,665.05,963db977,XADF
2025-10-15 19:26:08.963,M,665.0500,1,665.05,049b687a,XADF
2025-10-15 19:25:57.161,M,664.9900,1,664.99,1e653b8e,XADF
2025-10-15 19:25:55.868,M,664.9987,1,665.00,59bc4324,XADF
2025-10-15 19:25:54.558,A,665.0097,1,665.01,1892d96e,XADF
2025-10-15 19:25:54.534,M,665.0197,1,665.02,97060fb5,XADF
2025-10-15 19:25:53.466,M,665.0250,1,665.02,bdb85b65,XADF
2025-10-15 19:25:53.320,M,665.0392,1,665.04,e00ba487,XADF
2025-10-15 19:25:51.422,M,665.0587,1,665.06,54c3b41b,XADF
2025-10-15 19:25:47.931,M,665.0490,1,665.05,e3811569,XADF
2025-10-15 19:25:45.897,M,665.0790,1,665.08,84988fb4,XADF
2025-10-15 19:25:37.457,M,665.0887,1,665.09,40a76bb0,XADF
2025-10-15 19:25:36.819,A,665.1000,1,665.10,2c383d02,XADF
2025-10-15 19:25:36.649,M,665.0990,1,665.10,70524c97,XADF
2025-10-15 19:25:36.647,M,665.0990,1,665.10,a4c6e8d4,XADF
2025-10-15 19:25:36.637,A,665.1287,1,665.13,d980704f,XADF
2025-10-15 19:25:33.863,M,665.1150,1,665.12,fdc16217,XADF
2025-10-15 19:25:31.568,M,665.1150,1,665.12,b1c2c67d,XADF
2025-10-15 19:25:23.912,M,665.1450,1,665.14,237a3664,XADF
2025-10-15 19:25:23.609,M,665.1300,39,25940.07,3ae23f2d,XADF
2025-10-15 19:25:16.257,B,665.1300,15,9976.95,4a22fa13,XADF
2025-10-15 19:25:13.618,M,665.1505,1,665.15,68080d68,XADF
2025-10-15 19:25:10.230,M,665.1001,12,7981.20,b242d75c,XADF
2025-10-15 19:24:59.105,M,665.1499,9,5986.35,da09a50c,XADF
2025-10-15 19:24:51.296,M,665.1310,1,665.13,44f56486,XADF
2025-10-15 19:24:50.144,M,665.1310,1,665.13,71c10961,XADF
2025-10-15 19:24:43.770,M,665.1100,3,1995.33,7e969272,XADF
2025-10-15 19:24:39.571,M,665.0987,1,665.10,faa99f13,XADF
2025-10-15 19:24:38.502,M,665.1085,1,665.11,48758551,XADF
2025-10-15 19:24:36.279,A,665.1200,2,1330.24,ed33b774,XADF
2025-10-15 19:24:26.760,M,665.1195,1,665.12,ea845469,XADF
2025-10-15 19:24:24.352,M,665.1390,1,665.14,6d022695,XADF
2025-10-15 19:24:21.709,M,665.1015,25,16627.54,96a9b1e0,XADF
2025-10-15 19:24:20.905,M,665.1195,1,665.12,b3a8fa08,XADF
2025-10-15 19:24:19.381,M,665.1195,1,665.12,99159872,XADF
2025-10-15 19:24:19.379,M,665.1390,1,665.14,15262064,XADF
2025-10-15 19:24:19.379,A,665.2092,1,665.21,6889e43d,XADF
2025-10-15 19:24:10.362,M,665.2197,1,665.22,94fdb86e,XADF
2025-10-15 19:24:08.741,M,665.2490,1,665.25,12f08ef0,XADF
2025-10-15 19:24:06.286,M,665.2687,1,665.27,9be6113c,XADF
2025-10-15 19:23:58.835,M,665.3010,1,665.30,540deb63,XADF
2025-10-15 19:23:57.427,B,665.2800,2,1330.56,18bf71ea,XADF
2025-10-15 19:23:52.627,B,665.2507,1,665.25,c65fee77,XADF
2025-10-15 19:23:52.627,M,665.2805,1,665.28,7ec15c8a,XADF
2025-10-15 19:23:36.913,M,665.2296,215,143024.36,122584d0,XADF
2025-10-15 19:23:31.211,M,665.2287,1,665.23,11eb12dc,XADF
2025-10-15 19:23:30.081,M,665.2287,1,665.23,6e03e7d1,XADF
2025-10-15 19:23:23.958,M,665.2600,1,665.26,a9cd97c4,XADF
2025-10-15 19:23:23.786,M,665.2500,7,4656.75,d3e7f284,XADF
2025-10-15 19:23:19.275,M,665.2750,1,665.28,c3b272b2,XADF
2025-10-15 19:23:18.212,M,665.2690,1,665.27,bafadeb5,XADF
2025-10-15 19:22:56.165,M,665.2750,1,665.28,dd17c74e,XADF
2025-10-15 19:22:47.916,M,665.2785,1,665.28,dc28f93b,XADF
2025-10-15 19:22:33.943,M,665.3212,1,665.32,d5b2ad47,XADF
2025-10-15 19:22:33.745,M,665.2917,1,665.29,2f3dc753,XADF
2025-10-15 19:22:32.475,M,665.2717,1,665.27,6930459b,XADF
2025-10-15 19:22:27.242,M,665.2717,1,665.27,2ce89f47,XADF
2025-10-15 19:22:27.043,M,665.2412,1,665.24,9d4030bd,XADF
2025-10-15 19:22:27.041,M,665.2207,1,665.22,c428baf7,XADF
2025-10-15 19:22:27.041,B,665.2110,1,665.21,47f2a38d,XADF
2025-10-15 19:22:27.039,B,665.1910,1,665.19,4af6d5d5,XADF
2025-10-15 19:22:26.922,M,665.1850,1,665.18,2d2736d6,XADF
2025-10-15 19:22:21.065,M,665.1850,1,665.18,059123ff,XADF
2025-10-15 19:21:54.493,M,665.1610,1,665.16,7a4de10e,XADF
2025-10-15 19:21:53.388,M,665.1412,1,665.14,186ddcc4,XADF
2025-10-15 19:21:39.762,M,665.1450,1,665.14,4156ad86,XADF
2025-10-15 19:21:35.563,M,665.1550,1,665.16,bb751278,XADF
2025-10-15 19:21:31.266,M,665.1400,1,665.14,c8c806aa,XADF
2025-10-15 19:21:25.709,M,665.1696,10,6651.70,4640c9bc,XADF
2025-10-15 19:21:18.437,M,665.1190,1,665.12,70abbc07,XADF
2025-10-15 19:21:15.511,M,665.1150,1,665.12,cd8f979b,XADF
2025-10-15 19:21:07.310,M,665.1351,1,665.14,f91845d7,XADF
2025-10-15 19:21:03.357,A,665.1192,1,665.12,799492d5,XADF
2025-10-15 19:21:03.356,A,665.1192,1,665.12,18e56c49,XADF
2025-10-15 19:20:58.818,M,665.1487,1,665.15,f9499cb2,XADF
2025-10-15 19:20:55.524,M,665.1590,1,665.16,02ea2dcf,XADF
2025-10-15 19:20:31.360,M,665.1500,19,12637.85,4b4ac923,XADF
2025-10-15 19:20:29.630,M,665.1800,100,66518.00,93e1e2f6,XADF
2025-10-15 19:20:18.934,M,665.1810,1,665.18,d94338af,XADF
2025-10-15 19:20:01.825,M,665.1600,6,3990.96,c2496428,XADF
2025-10-15 19:20:00.588,M,665.1807,1,665.18,30c49dee,XADF
2025-10-15 19:19:52.913,M,665.1500,1,665.15,6acacf5a,XADF
2025-10-15 19:19:47.781,M,665.1392,1,665.14,d5493300,XADF
2025-10-15 19:19:41.066,M,665.1492,1,665.15,fd71a343,XADF
2025-10-15 19:19:41.064,M,665.1492,1,665.15,351946dc,XADF
2025-10-15 19:19:39.618,A,665.1900,3,1995.57,f7d2a43b,XADF
2025-10-15 19:19:36.793,M,665.1996,1,665.20,7e1d22b7,XADF
2025-10-15 19:19:32.247,M,665.1750,1,665.18,77d02603,XADF
2025-10-15 19:19:28.376,M,665.1987,10,6651.99,debd4b94,XADF
2025-10-15 19:19:22.478,A,665.2000,1,665.20,3c56ecc0,XADF
2025-10-15 19:19:15.207,M,665.1599,1,665.16,0a969874,XADF
2025-10-15 19:19:15.207,M,665.1600,1,665.16,e8927193,XADF
2025-10-15 19:19:14.864,M,665.1597,1,665.16,9df17024,XADF
2025-10-15 19:19:14.486,B,665.1500,1,665.15,1531d1e7,XADF
2025-10-15 19:19:11.514,M,665.1750,1,665.18,4bb77ce5,XADF
2025-10-15 19:19:07.624,M,665.1790,1,665.18,17bb9b70,XADF
2025-10-15 19:19:03.581,M,665.1795,1,665.18,6712bb00,XADF
2025-10-15 19:19:02.272,M,665.1990,1,665.20,77a529e8,XADF
2025-10-15 19:19:02.011,M,665.1800,1,665.18,ff246c72,XADF
2025-10-15 19:19:01.271,M,665.1992,1,665.20,dbf72539,XADF
2025-10-15 19:18:44.165,M,665.2450,1,665.24,aedb7b7e,XADF
2025-10-15 19:18:42.532,M,665.2500,5,3326.25,0eda2286,XADF
2025-10-15 19:18:42.469,M,665.2450,1,665.24,a18a8847,XADF
2025-10-15 19:18:38.866,M,665.2250,1,665.22,0f136d36,XADF
2025-10-15 19:18:36.861,M,665.2200,1,665.22,7a9e574d,XADF
2025-10-15 19:18:18.513,M,665.2087,1,665.21,8eb87414,XADF
2025-10-15 19:18:16.331,M,665.2087,1,665.21,25f52b54,XADF
2025-10-15 19:18:15.009,A,665.2300,1,665.23,22461aed,XADF
2025-10-15 19:18:12.835,M,665.2197,1,665.22,f773b897,XADF
2025-10-15 19:18:11.900,M,665.2392,1,665.24,9351f043,XADF
2025-10-15 19:18:11.180,A,665.2697,1,665.27,d625e00c,XADF
2025-10-15 19:18:07.891,M,665.2892,1,665.29,7882ff46,XADF
2025-10-15 19:18:05.423,M,665.2892,1,665.29,12e6d2e6,XADF
2025-10-15 19:18:04.913,A,665.3095,1,665.31,6712692c,XADF
2025-10-15 19:18:04.912,A,665.3192,1,665.32,fcbd0cc8,XADF
2025-10-15 19:17:57.014,M,665.3392,1,665.34,a0b09c78,XADF
2025-10-15 19:17:55.250,M,665.3350,1,665.34,522971ba,XADF
2025-10-15 19:17:54.398,M,665.3582,1,665.36,b7f7605f,XADF
2025-10-15 19:17:54.068,M,665.3588,1,665.36,edfd0b7e,XADF
2025-10-15 19:17:50.994,M,665.3587,1,665.36,ba5a58c9,XADF
2025-10-15 19:17:49.926,A,665.3687,1,665.37,c07029bc,XADF
2025-10-15 19:17:49.925,A,665.3890,1,665.39,542e6b6c,XADF
2025-10-15 19:17:49.924,A,665.3990,1,665.40,6034a77c,XADF
2025-10-15 19:17:49.911,A,665.4000,100,66540.00,10797706,XADF
2025-10-15 19:17:48.368,M,665.4200,1,665.42,ea7a8a44,XADF
2025-10-15 19:17:39.318,B,665.4000,1,665.40,56613a7f,XADF
2025-10-15 19:17:29.159,M,665.4500,1,665.45,4fd8b753,XADF
2025-10-15 19:17:23.114,M,665.4410,1,665.44,bb4b69e8,XADF
2025-10-15 19:17:21.389,M,665.4014,14,9315.62,dc9a9900,XADF
2025-10-15 19:17:18.035,M,665.4292,1,665.43,2363174c,XADF
2025-10-15 19:17:17.601,M,665.4097,1,665.41,c2e61361,XADF
2025-10-15 19:17:17.600,A,665.4295,1,665.43,dab300ed,XADF
2025-10-15 19:17:17.003,M,665.4392,1,665.44,189b2816,XADF
2025-10-15 19:17:13.692,A,665.4787,1,665.48,7ff601e3,XADF
2025-10-15 19:17:10.092,B,665.4600,100,66546.00,4274d0dd,XADF
2025-10-15 19:17:04.944,M,665.4700,5,3327.35,cd06a1e9,XADF
2025-10-15 19:17:04.865,B,665.4600,100,66546.00,20f7c090,XADF
2025-10-15 19:17:03.128,B,665.4700,1,665.47,2871c7c0,XADF
2025-10-15 19:16:42.017,M,665.4887,1,665.49,fe5a63e3,XADF
2025-10-15 19:16:34.051,M,665.5185,1,665.52,2fd4ae6c,XADF
2025-10-15 19:16:26.899,B,665.5400,1,665.54,5eae2e70,XADF
2025-10-15 19:16:24.660,B,665.5400,60,39932.40,050e3748,XADF
2025-10-15 19:16:04.461,M,665.5150,1,665.52,1374ece2,XADF
2025-10-15 19:16:03.947,M,665.5150,1,665.52,8f208444,XADF
2025-10-15 19:15:56.094,M,665.5387,1,665.54,11fe0e03,XADF
2025-10-15 19:15:44.266,M,665.5485,1,665.55,5260d0f2,XADF
2025-10-15 19:15:39.017,M,665.5350,1,665.54,d3ac6417,XADF
2025-10-15 19:15:07.336,M,665.5887,1,665.59,16a0361b,XADF
2025-10-15 19:15:05.041,M,665.5350,1,665.54,ed642378,XADF
2025-10-15 19:15:03.627,M,665.5588,1,665.56,4008d557,XADF
2025-10-15 19:15:01.863,M,665.5350,1,665.54,317e32fb,XADF
2025-10-15 19:15:01.180,M,665.5587,1,665.56,ca3ad585,XADF
2025-10-15 19:14:47.865,M,665.5950,1,665.60,ef5b85f8,XADF
2025-10-15 19:14:36.757,M,665.5450,1,665.54,52b4d61d,XADF
2025-10-15 19:14:15.561,M,665.5912,1,665.59,441c9b4f,XADF
2025-10-15 19:14:13.463,M,665.6150,1,665.62,284fd787,XADF
2025-10-15 19:14:04.163,M,665.5850,1,665.58,896593da,XADF
2025-10-15 19:14:01.025,M,665.5996,1,665.60,d2d4ac2c,XADF
2025-10-15 19:13:54.559,M,665.5700,1,665.57,b3c11ed6,XADF
2025-10-15 19:13:50.232,M,665.5890,1,665.59,ea8b4f86,XADF
2025-10-15 19:13:37.914,M,665.5850,1,665.58,04aee691,XADF
2025-10-15 19:13:34.344,M,665.5850,1,665.58,11827826,XADF
2025-10-15 19:13:21.792,B,665.5600,1,665.56,af446397,XADF
2025-10-15 19:13:13.276,M,665.6282,1,665.63,53a45395,XADF
2025-10-15 19:13:10.145,M,665.6110,1,665.61,28edf364,XADF
2025-10-15 19:13:10.131,B,665.6100,10,6656.10,8a0d8778,XADF
2025-10-15 19:13:05.915,M,665.6100,1,665.61,7219636e,XADF
2025-10-15 19:12:43.065,M,665.6100,1,665.61,1753eaef,XADF
2025-10-15 19:12:42.867,M,665.6100,1,665.61,250df74d,XADF
2025-10-15 19:12:33.246,M,665.5950,1,665.60,473dbd01,XADF
2025-10-15 19:12:30.038,M,665.6039,100,66560.39,37fefc5e,XADF
2025-10-15 19:12:30.038,M,665.6073,200,133121.46,21003b2d,XADF
2025-10-15 19:12:24.733,M,665.5910,1,665.59,dc511dbf,XADF
2025-10-15 19:12:19.121,M,665.5910,1,665.59,ab91c256,XADF
2025-10-15 19:11:54.747,M,665.5750,1,665.58,66190627,XADF
2025-10-15 19:11:53.446,M,665.5850,1,665.58,beb4e3fc,XADF
2025-10-15 19:11:48.583,B,665.5500,50,33277.50,466e9a19,XADF
2025-10-15 19:11:36.484,M,665.6096,2,1331.22,2b98c00f,XADF
2025-10-15 19:11:35.122,M,665.5610,1,665.56,7a8e0243,XADF
2025-10-15 19:11:34.754,M,665.5407,1,665.54,54071f96,XADF
2025-10-15 19:11:32.243,M,665.5118,40,26620.47,58acce5d,XADF
2025-10-15 19:11:21.955,M,665.5250,1,665.52,8c00f674,XADF
2025-10-15 19:11:07.254,B,665.5100,140,93171.40,b10c3f95,XADF
2025-10-15 19:11:02.011,M,665.5350,1,665.54,95fb75f6,XADF
2025-10-15 19:10:58.760,M,665.5350,1,665.54,00cfcb46,XADF
2025-10-15 19:10:56.577,M,665.5125,5,3327.56,cc48c5c2,XADF
2025-10-15 19:10:31.776,M,665.5112,1,665.51,b76d9f5b,XADF
2025-10-15 19:10:29.587,M,665.5399,33,21962.82,8d1d000f,XADF
2025-10-15 19:10:29.586,M,665.5399,267,177699.15,8044224d,XADF
2025-10-15 19:10:26.221,M,665.4912,1,665.49,55e83008,XADF
2025-10-15 19:10:23.469,M,665.4850,1,665.48,a527d38b,XADF
2025-10-15 19:10:16.366,M,665.4550,1,665.46,c3cdf703,XADF
2025-10-15 19:10:10.155,M,665.4750,1,665.48,eeb7a348,XADF
2025-10-15 19:10:05.715,M,665.4650,1,665.46,877bd096,XADF
2025-10-15 19:10:05.111,M,665.4899,10,6654.90,e63350d8,XADF
2025-10-15 19:09:55.019,M,665.4590,1,665.46,a42bd9d6,XADF
2025-10-15 19:09:53.616,M,665.4650,1,665.46,8ca0cda2,XADF
2025-10-15 19:09:52.964,M,665.4500,1,665.45,bed1bed9,XADF
2025-10-15 19:09:45.936,A,665.4792,1,665.48,6548dd78,XADF
2025-10-15 19:09:45.936,A,665.4892,1,665.49,21f65177,XADF
2025-10-15 19:09:44.517,M,665.4850,1,665.48,cac83cca,XADF
2025-10-15 19:09:43.456,M,665.4850,1,665.48,acc4640e,XADF
2025-10-15 19:09:39.362,M,665.4850,1,665.48,f898991d,XADF
2025-10-15 19:09:39.046,M,665.4950,1,665.50,73412ff0,XADF
2025-10-15 19:09:38.888,B,665.4600,1,665.46,c8124cb6,XADF
2025-10-15 19:09:35.201,A,665.5187,1,665.52,dd749f99,XADF
2025-10-15 19:09:30.753,M,665.5163,100,66551.63,6dafa932,XADF
2025-10-15 19:09:30.750,M,665.5117,100,66551.17,6e39f398,XADF
2025-10-15 19:09:27.639,M,665.5387,1,665.54,38247670,XADF
2025-10-15 19:09:27.476,M,665.5387,1,665.54,eedab182,XADF
2025-10-15 19:09:27.467,A,665.5595,1,665.56,bb3d3d2b,XADF
2025-10-15 19:09:27.466,A,665.5790,1,665.58,cd269ff8,XADF
2025-10-15 19:09:26.668,M,665.6290,1,665.63,dc6911af,XADF
2025-10-15 19:09:06.639,M,665.6899,10,6656.90,cb2eb154,XADF
2025-10-15 19:09:05.901,A,665.6900,1,665.69,3c8b9660,XADF
2025-10-15 19:09:04.203,M,665.6387,1,665.64,d0138440,XADF
2025-10-15 19:09:04.198,M,665.6592,1,665.66,10dbc462,XADF
2025-10-15 19:09:02.958,M,665.6882,1,665.69,75942231,XADF
2025-10-15 19:09:00.016,M,665.7250,1,665.72,d2af44ab,XADF
2025-10-15 19:08:54.595,B,665.7100,1,665.71,ad6b7994,XADF
2025-10-15 19:08:53.572,M,665.7107,1,665.71,ae9995c2,XADF
2025-10-15 19:08:50.054,M,665.7150,1,665.72,e124cd69,XADF
2025-10-15 19:08:47.191,B,665.6900,100,66569.00,f1f9be48,XADF
2025-10-15 19:08:31.642,M,665.6892,1,665.69,c792235a,XADF
2025-10-15 19:08:16.010,M,665.6927,2,1331.39,dac87739,XADF
2025-10-15 19:08:05.116,M,665.7399,10,6657.40,ed237f81,XADF
2025-10-15 19:08:04.421,M,665.7150,1,665.72,85a7939b,XADF
2025-10-15 19:07:52.251,M,665.7090,1,665.71,cbba1860,XADF
2025-10-15 19:07:52.249,M,665.7285,1,665.73,428e7816,XADF
2025-10-15 19:07:43.175,M,665.7350,1,665.74,e189fd9b,XADF
2025-10-15 19:07:40.362,M,665.7338,100,66573.38,6bc31ab4,XADF
2025-10-15 19:07:29.514,M,665.7350,1,665.74,de8fcec2,XADF
2025-10-15 19:07:23.154,M,665.7612,1,665.76,e7b1099c,XADF
2025-10-15 19:07:11.882,B,665.7100,5,3328.55,70ce1987,XADF
2025-10-15 19:07:05.139,A,665.7600,30,19972.80,dd317273,XADF
2025-10-15 19:07:05.100,M,665.7588,10,6657.59,9d10c347,XADF
2025-10-15 19:06:59.459,M,665.7287,1,665.73,b642570d,XADF
2025-10-15 19:06:59.062,M,665.7200,1,665.72,6ebb3334,XADF
2025-10-15 19:06:48.286,B,665.7000,2,1331.40,39ce61d3,XADF
2025-10-15 19:06:45.574,A,665.7900,2,1331.58,b3747403,XADF
2025-10-15 19:06:31.844,M,665.7250,1,665.72,b03d4a66,XADF
2025-10-15 19:06:28.770,A,665.7400,1,665.74,579d503d,XADF
2025-10-15 19:06:28.733,M,665.7392,1,665.74,cf46e457,XADF
2025-10-15 19:06:28.509,M,665.7690,1,665.77,7b52624f,XADF
2025-10-15 19:06:25.486,M,665.7590,1,665.76,dfa5fdf4,XADF
2025-10-15 19:06:16.017,B,665.7600,1,665.76,99f673b6,XADF
2025-10-15 19:06:15.956,M,665.7850,1,665.78,ad82c359,XADF
2025-10-15 19:06:12.650,M,665.8188,1,665.82,3f5644da,XADF
2025-10-15 19:06:10.946,M,665.7850,1,665.78,61751ac8,XADF
2025-10-15 19:06:10.685,A,665.8100,1,665.81,52a0a295,XADF
2025-10-15 19:06:08.863,A,665.8300,5,3329.15,219c0129,XADF
2025-10-15 19:06:08.329,M,665.7905,1,665.79,a957ec98,XADF
2025-10-15 19:06:04.118,M,665.7690,1,665.77,82b32e23,XADF
2025-10-15 19:06:03.727,M,665.7880,1,665.79,e21b687f,XADF
2025-10-15 19:05:59.221,M,665.7916,500,332895.80,06cfe23e,XADF
2025-10-15 19:05:58.866,M,665.8150,1,665.82,5ed7ec37,XADF
2025-10-15 19:05:44.860,M,665.7850,1,665.78,760b12f2,XADF
2025-10-15 19:05:42.043,M,665.7850,1,665.78,e5196bc7,XADF
2025-10-15 19:05:37.863,M,665.7850,1,665.78,5be9f50a,XADF
2025-10-15 19:05:31.115,M,665.7850,1,665.78,29434015,XADF
2025-10-15 19:05:24.249,M,665.7850,1,665.78,66006fe4,XADF
2025-10-15 19:05:17.885,M,665.8096,1,665.81,fee8fe8c,XADF
2025-10-15 19:05:17.183,M,665.8096,1,665.81,da25fba3,XADF
2025-10-15 19:05:01.622,M,665.8107,1,665.81,a391a0e2,XADF
2025-10-15 19:04:58.113,B,665.7400,1,665.74,2777e133,XADF
2025-10-15 19:04:57.815,M,665.7899,6,3994.74,83f54ff5,XADF
2025-10-15 19:04:51.863,M,665.7885,1,665.79,b4ce0af4,XADF
2025-10-15 19:04:50.648,M,665.7850,1,665.78,a898f92a,XADF
2025-10-15 19:04:50.512,M,665.8096,1,665.81,93b18b50,XADF
2025-10-15 19:04:47.783,M,665.7900,18,11984.22,0f03dadc,XADF
2025-10-15 19:04:47.783,M,665.7900,32,21305.28,3e5c8469,XADF
2025-10-15 19:04:42.963,M,665.8150,1,665.82,fe3e7979,XADF
2025-10-15 19:04:30.037,M,665.8112,1,665.81,af9992f0,XADF
2025-10-15 19:04:29.471,M,665.8150,1,665.82,b5025610,XADF
2025-10-15 19:04:28.864,M,665.8150,1,665.82,b2383de6,XADF
2025-10-15 19:04:24.934,A,665.8112,1,665.81,0eb7b5d4,XADF
2025-10-15 19:04:23.778,A,665.8100,1,665.81,9cfcaecc,XADF
2025-10-15 19:04:22.746,M,665.7850,1,665.78,95dcc63f,XADF
2025-10-15 19:04:13.625,M,665.7887,1,665.79,1df70179,XADF
2025-10-15 19:04:12.374,M,665.8296,6,3994.98,2889d2a2,XADF
2025-10-15 19:04:11.649,M,665.8092,1,665.81,63b2a27f,XADF
2025-10-15 19:04:08.842,M,665.8405,1,665.84,db002b2d,XADF
2025-10-15 19:03:59.723,M,665.8107,1,665.81,f5b3e2d1,XADF
2025-10-15 19:03:59.723,M,665.7887,1,665.79,5c13f11a,XADF
2025-10-15 19:03:59.722,M,665.7905,1,665.79,1e5ed0ee,XADF
2025-10-15 19:03:56.963,M,665.8050,1,665.80,b2506518,XADF
2025-10-15 19:03:52.968,M,665.8050,1,665.80,8ffcdf8d,XADF
2025-10-15 19:03:35.711,M,665.7950,1,665.80,7ad40889,XADF
2025-10-15 19:03:34.849,A,665.8400,5,3329.20,fc2e9ebc,XADF
2025-10-15 19:03:31.375,B,665.7800,1,665.78,46504cfe,XADF
2025-10-15 19:03:31.117,M,665.8100,1,665.81,41fefd2d,XADF
2025-10-15 19:03:30.894,B,665.7800,3,1997.34,3cab9152,XADF
2025-10-15 19:03:25.470,M,665.8150,1,665.82,a1bbeed0,XADF
2025-10-15 19:03:23.448,M,665.8096,1,665.81,3035c1d2,XADF
2025-10-15 19:03:20.368,M,665.7850,1,665.78,55e837e1,XADF
2025-10-15 19:03:14.769,B,665.7400,1,665.74,ac828e7b,XADF
2025-10-15 19:03:13.375,A,665.8600,2,1331.72,df0a028e,XADF
2025-10-15 19:03:03.305,M,665.7500,1,665.75,3a8ba01e,XADF
2025-10-15 19:02:48.511,M,665.7900,10,6657.90,c74f42c8,XADF
2025-10-15 19:02:35.829,M,665.8096,1,665.81,e0f8e4a4,XADF
2025-10-15 19:02:33.439,M,665.7850,1,665.78,a1469b14,XADF
2025-10-15 19:02:31.114,M,665.7850,1,665.78,48d5a945,XADF
2025-10-15 19:02:30.234,M,665.8084,10,6658.08,ce0772e1,XADF
2025-10-15 19:02:23.264,M,665.7600,1,665.76,9786a1aa,XADF
2025-10-15 19:02:17.257,M,665.7592,1,665.76,eed6f739,XADF
2025-10-15 19:02:15.191,M,665.7887,1,665.79,4035c49a,XADF
2025-10-15 19:02:11.878,M,665.8092,1,665.81,861a3ee2,XADF
2025-10-15 19:02:11.878,A,665.8290,1,665.83,ebee5b7e,XADF
2025-10-15 19:02:10.477,M,665.8588,5,3329.29,24f2e0be,XADF
2025-10-15 19:02:08.534,M,665.8616,1,665.86,dade81f7,XADF
2025-10-15 19:02:06.212,M,665.8800,1,665.88,fe771d23,XADF
2025-10-15 19:02:05.548,M,665.8800,1,665.88,92f48c98,XADF
2025-10-15 19:02:01.016,M,665.8996,1,665.90,31813d60,XADF
2025-10-15 19:01:47.630,M,665.8607,1,665.86,4c32bdc2,XADF
2025-10-15 19:01:45.577,B,665.8100,1,665.81,a4e4eb20,XADF
2025-10-15 19:01:36.918,M,665.8412,1,665.84,3faa3f3c,XADF
2025-10-15 19:01:36.731,B,665.8110,1,665.81,8894534e,XADF
2025-10-15 19:01:36.700,B,665.7905,1,665.79,7fc89ee9,XADF
2025-10-15 19:01:29.750,M,665.7599,10,6657.60,90a7d54b,XADF
2025-10-15 19:01:23.136,M,665.7595,1,665.76,d409f6be,XADF
2025-10-15 19:01:23.116,A,665.7800,2,1331.56,af18e200,XADF
2025-10-15 19:01:16.917,M,665.7650,1,665.76,42914730,XADF
2025-10-15 19:01:13.093,M,665.7887,1,665.79,5ebe04e3,XADF
2025-10-15 19:01:09.424,M,665.7850,1,665.78,5088d27d,XADF
2025-10-15 19:01:06.967,A,665.8300,2,1331.66,5b74cd73,XADF
2025-10-15 19:01:01.107,M,665.8087,1,665.81,c7cea28e,XADF
2025-10-15 19:01:00.067,A,665.8090,1,665.81,c7b31f02,XADF
2025-10-15 19:00:55.023,B,665.8100,1,665.81,11a6f108,XADF
2025-10-15 19:00:54.461,M,665.8591,350,233050.68,803f04ab,XADF
2025-10-15 19:00:33.875,B,665.8400,1,665.84,0da1a8c6,XADF
2025-10-15 19:00:33.288,B,665.8400,1,665.84,697a1141,XADF
2025-10-15 19:00:31.066,M,665.8350,1,665.84,6020a50e,XADF
2025-10-15 19:00:27.419,A,665.8600,1,665.86,94d2e21f,XADF
2025-10-15 19:00:27.408,A,665.8600,2,1331.72,642629f9,XADF
2025-10-15 19:00:12.152,B,665.7900,1,665.79,8cd7c2ed,XADF
2025-10-15 19:00:11.686,B,665.7900,1,665.79,c0877f73,XADF
2025-10-15 19:00:03.564,M,665.8584,1,665.86,319817d0,XADF
2025-10-15 19:00:02.912,M,665.8387,1,665.84,b8c13f1c,XADF
2025-10-15 19:00:02.158,M,665.8592,1,665.86,666629cd,XADF
2025-10-15 19:00:01.608,B,665.8600,50,33293.00,f7efc1c4,XADF
2025-10-15 19:00:01.103,M,665.8896,1,665.89,ed6630e8,XADF
2025-10-15 18:59:49.331,M,665.8902,1,665.89,ca0f47a0,XADF
2025-10-15 18:59:38.722,M,665.8600,1,665.86,34f073f3,XADF
2025-10-15 18:59:31.167,M,665.8500,100,66585.00,23a5523a,XADF
2025-10-15 18:59:28.964,M,665.8450,1,665.84,7f50c494,XADF
2025-10-15 18:59:24.030,M,665.8587,1,665.86,ecece8d6,XADF
2025-10-15 18:59:21.483,M,665.8996,2,1331.80,0dc9964a,XADF
2025-10-15 18:59:18.570,M,665.8887,1,665.89,0d7e68e6,XADF
2025-10-15 18:59:15.442,A,665.9100,110,73250.10,9f5caaa3,XADF
2025-10-15 18:59:14.324,M,665.9102,1,665.91,3f0e5696,XADF
2025-10-15 18:59:11.939,M,665.8900,1,665.89,8132268f,XADF
2025-10-15 18:59:09.520,B,665.8600,3,1997.58,80df259a,XADF
2025-10-15 18:58:58.720,M,665.8907,1,665.89,e41b54b0,XADF
2025-10-15 18:58:57.702,M,665.8905,1,665.89,3d510d20,XADF
2025-10-15 18:58:54.811,M,665.8610,1,665.86,592103e3,XADF
2025-10-15 18:58:27.022,M,665.8612,1,665.86,f67dc428,XADF
2025-10-15 18:58:24.867,M,665.8410,1,665.84,c6758a62,XADF
2025-10-15 18:58:23.102,M,665.8112,1,665.81,3a6d2adc,XADF
2025-10-15 18:58:23.100,B,665.7810,1,665.78,4eacafeb,XADF
2025-10-15 18:58:13.245,M,665.8090,100,66580.90,32e5befe,XADF
2025-10-15 18:58:04.860,M,665.7500,1,665.75,4388fc72,XADF
2025-10-15 18:58:02.890,M,665.7587,1,665.76,03ecba64,XADF
2025-10-15 18:58:02.889,A,665.7785,1,665.78,547b4792,XADF
2025-10-15 18:57:32.512,M,665.7887,1,665.79,7a1646d5,XADF
2025-10-15 18:57:31.627,M,665.7890,1,665.79,6c1e7bc1,XADF
2025-10-15 18:57:30.392,M,665.8290,1,665.83,e3dffe0f,XADF
2025-10-15 18:57:30.116,A,665.8490,1,665.85,6d1c1bbc,XADF
2025-10-15 18:57:23.359,M,665.8600,1,665.86,82165bc3,XADF
2025-10-15 18:57:22.939,M,665.8587,1,665.86,4e80d37e,XADF
2025-10-15 18:57:17.157,A,665.8890,1,665.89,10844d17,XADF
2025-10-15 18:57:15.186,M,665.8810,50,33294.05,25f28a75,XADF
2025-10-15 18:57:07.936,M,665.9199,1,665.92,37769854,XADF
2025-10-15 18:57:07.372,M,665.9102,1,665.91,cbbdafca,XADF
2025-10-15 18:57:07.370,M,665.9102,1,665.91,9cf034a2,XADF
2025-10-15 18:57:05.107,M,665.8810,10,6658.81,f05ba845,XADF
2025-10-15 18:57:02.449,M,665.8615,1,665.86,4fe672b6,XADF
2025-10-15 18:57:01.064,M,665.9000,1,665.90,5743d6ba,XADF
2025-10-15 18:57:00.437,M,665.8805,1,665.88,afb561c8,XADF
2025-10-15 18:56:46.161,M,665.8550,1,665.86,72d0ee6b,XADF
2025-10-15 18:56:41.043,M,665.8350,1,665.84,8787abcd,XADF
2025-10-15 18:56:18.575,M,665.8000,1,665.80,31951f51,XADF
2025-10-15 18:56:10.264,M,665.8700,1,665.87,785d85f6,XADF
2025-10-15 18:56:08.256,M,665.8510,1,665.85,c815e20f,XADF
2025-10-15 18:56:07.287,M,665.8510,1,665.85,af37efc9,XADF
2025-10-15 18:56:05.111,B,665.8000,10,6658.00,7c9bd4cc,XADF
2025-10-15 18:56:04.954,M,665.8202,1,665.82,4acecbde,XADF
2025-10-15 18:55:53.163,M,665.8112,1,665.81,68c2ee6c,XADF
2025-10-15 18:55:39.899,M,665.8107,1,665.81,82a3493a,XADF
2025-10-15 18:55:34.731,M,665.7910,1,665.79,dca71f28,XADF
2025-10-15 18:55:21.342,B,665.7400,100,66574.00,8c837f0c,XADF
2025-10-15 18:55:10.069,A,665.7900,5,3328.95,850d5a33,XADF
2025-10-15 18:55:08.854,M,665.7700,1,665.77,cf9abf52,XADF
2025-10-15 18:55:07.629,M,665.7549,50,33287.75,51ee079b,XADF
2025-10-15 18:55:07.627,M,665.7505,100,66575.05,d921d3e3,XADF
2025-10-15 18:55:05.105,B,665.7500,10,6657.50,3393863e,XADF
2025-10-15 18:54:59.783,M,665.7602,1,665.76,bcd65c6d,XADF
2025-10-15 18:54:55.763,M,665.7600,1,665.76,37edc821,XADF
2025-10-15 18:54:54.623,B,665.7300,200,133146.00,1d1a0b80,XADF
2025-10-15 18:54:50.412,M,665.7700,1,665.77,62f524ff,XADF
2025-10-15 18:54:48.377,B,665.7100,1,665.71,81ceb72b,XADF
2025-10-15 18:54:47.949,B,665.7100,1,665.71,eb8d1009,XADF
2025-10-15 18:54:42.748,M,665.7400,1,665.74,5f47e020,XADF
2025-10-15 18:54:40.449,M,665.7101,1,665.71,3607050f,XADF
2025-10-15 18:54:32.361,M,665.7410,1,665.74,f723b759,XADF
2025-10-15 18:54:31.807,M,665.7210,1,665.72,b89bad7e,XADF
2025-10-15 18:54:27.972,A,665.7600,1,665.76,16e976ae,XADF
2025-10-15 18:54:24.381,M,665.7110,1,665.71,adac64fb,XADF
2025-10-15 18:54:19.506,M,665.6907,1,665.69,56bdb15f,XADF
2025-10-15 18:54:14.938,M,665.6800,1,665.68,2ae69074,XADF
2025-10-15 18:54:09.120,M,665.6800,1,665.68,1aec09e2,XADF
2025-10-15 18:54:08.980,B,665.6500,16,10650.40,af915b73,XADF
2025-10-15 18:53:51.487,M,665.6796,1,665.68,1f7e859f,XADF
2025-10-15 18:53:49.420,M,665.6587,1,665.66,7de7ab00,XADF
2025-10-15 18:53:45.462,M,665.6595,1,665.66,d6936f2f,XADF
2025-10-15 18:53:43.361,M,665.6895,50,33284.48,c717bccd,XADF
2025-10-15 18:53:05.456,M,665.7100,1,665.71,7abd5323,XADF
2025-10-15 18:53:04.324,M,665.6606,20,13313.21,a5168413,XADF
2025-10-15 18:53:03.569,A,665.6900,30,19970.70,a8eca4e0,XADF
2025-10-15 18:53:01.522,A,665.6892,1,665.69,68b1367b,XADF
2025-10-15 18:52:57.748,M,665.7150,1,665.72,46c721e0,XADF
2025-10-15 18:52:57.604,A,665.7400,3,1997.22,f4de42e1,XADF
2025-10-15 18:52:54.407,M,665.7092,1,665.71,b7334b7f,XADF
2025-10-15 18:52:51.643,B,665.7350,1,665.74,ab1f12f5,XADF
2025-10-15 18:52:51.603,M,665.7405,1,665.74,c1f14873,XADF
2025-10-15 18:52:51.602,M,665.7405,1,665.74,8ce97dec,XADF
2025-10-15 18:52:40.040,M,665.7107,1,665.71,dfb1d3de,XADF
2025-10-15 18:52:21.254,M,665.6790,1,665.68,bb7bcc3f,XADF
2025-10-15 18:52:21.252,A,665.6987,1,665.70,456405ff,XADF
2025-10-15 18:52:20.795,M,665.6601,96,63903.37,efd90134,XADF
2025-10-15 18:52:20.795,M,665.6601,4,2662.64,a0c1a0bb,XADF
2025-10-15 18:52:11.331,M,665.7092,1,665.71,c22bf9da,XADF
2025-10-15 18:52:05.166,M,665.7601,30,19972.80,5d9c568e,XADF
2025-10-15 18:52:05.108,M,665.7601,10,6657.60,358aaebc,XADF
2025-10-15 18:52:04.940,M,665.7850,1,665.78,5f39fed2,XADF
2025-10-15 18:52:00.717,A,665.7900,1,665.79,279cd58e,XADF
2025-10-15 18:51:59.498,M,665.7500,5,3328.75,67b9f6dd,XADF
2025-10-15 18:51:59.293,M,665.7412,1,665.74,5ad10016,XADF
2025-10-15 18:51:57.324,M,665.7400,20,13314.80,5448e3c8,XADF
2025-10-15 18:51:54.858,M,665.7307,1,665.73,b41e8392,XADF
2025-10-15 18:51:53.967,M,665.7000,1,665.70,3ef49535,XADF
2025-10-15 18:51:53.868,B,665.6900,1,665.69,f785aa75,XADF
2025-10-15 18:51:48.763,M,665.7200,1,665.72,acd84f3b,XADF
2025-10-15 18:51:46.541,A,665.7100,1,665.71,c3ec2eef,XADF
2025-10-15 18:51:46.159,M,665.7096,2,1331.42,eb714827,XADF
2025-10-15 18:51:35.165,M,665.7115,1,665.71,1c9d26bf,XADF
2025-10-15 18:51:35.158,B,665.6920,1,665.69,165679ed,XADF
2025-10-15 18:51:32.066,M,665.6612,1,665.66,a3d1fac1,XADF
2025-10-15 18:51:19.237,B,665.6512,1,665.65,74f18af4,XADF
2025-10-15 18:51:19.235,B,665.6402,1,665.64,ded4b181,XADF
2025-10-15 18:51:17.938,M,665.6105,1,665.61,82e35378,XADF
2025-10-15 18:51:17.307,M,665.6100,1,665.61,3cdcda13,XADF
2025-10-15 18:51:10.364,M,665.5950,1,665.60,9268e2d5,XADF
2025-10-15 18:51:08.976,M,665.5910,1,665.59,fea2c3ff,XADF
2025-10-15 18:51:05.105,M,665.5601,10,6655.60,30416a38,XADF
2025-10-15 18:51:03.834,M,665.5610,1,665.56,10c540e7,XADF
2025-10-15 18:51:03.294,M,665.5985,1,665.60,2fd9fc1a,XADF
2025-10-15 18:50:57.237,A,665.5900,5,3327.95,6016df73,XADF
2025-10-15 18:50:56.876,M,665.5796,8,5324.64,80c2a1dc,XADF
2025-10-15 18:50:56.412,M,665.5768,3,1996.73,1ff4af3f,XADF
2025-10-15 18:50:52.160,M,665.5600,1,665.56,3d18b5f2,XADF
2025-10-15 18:50:51.032,A,665.6000,6,3993.60,f93a6807,XADF
2025-10-15 18:50:50.297,M,665.5415,1,665.54,d570c981,XADF
2025-10-15 18:50:49.321,M,665.5405,1,665.54,77873a02,XADF
2025-10-15 18:50:28.075,M,665.4607,3,1996.38,d835a9ae,XADF
2025-10-15 18:50:24.848,M,665.5105,1,665.51,8fa4ccde,XADF
2025-10-15 18:50:18.584,M,665.4802,1,665.48,fc6d3ea5,XADF
2025-10-15 18:50:11.797,M,665.4907,1,665.49,a40f8a1d,XADF
2025-10-15 18:50:11.784,M,665.4610,1,665.46,f7fdf04c,XADF
2025-10-15 18:50:10.236,M,665.4405,1,665.44,90649f87,XADF
2025-10-15 18:50:02.794,M,665.4112,1,665.41,c9206c34,XADF
2025-10-15 18:50:01.111,M,665.3902,1,665.39,af23ac67,XADF
2025-10-15 18:50:01.111,B,665.3707,1,665.37,a2c60617,XADF
2025-10-15 18:50:00.247,B,665.3600,1,665.36,157ef6d9,XADF
2025-10-15 18:49:47.966,B,665.3500,1,665.35,a9e91c63,XADF
2025-10-15 18:49:44.591,A,665.3800,1,665.38,dbd33e63,XADF
