time,side,price,size,premium,tid,exchange
2025-10-16 19:59:58.775,M,658.9116,10,6589.12,7b142988,XADF
2025-10-16 19:59:57.866,B,658.9100,50,32945.50,1639d648,XADF
2025-10-16 19:59:50.458,M,658.9299,10,6589.30,7c751ae0,XADF
2025-10-16 19:59:49.677,M,658.9400,1,658.94,33cf848a,XADF
2025-10-16 19:59:46.525,M,658.9300,1,658.93,98752d16,XADF
2025-10-16 19:59:41.740,B,658.9300,6,3953.58,53096caa,XADF
2025-10-16 19:59:41.000,M,658.9605,1,658.96,33d83001,XADF
2025-10-16 19:59:38.490,M,658.9289,100,65892.89,a5916e87,XADF
2025-10-16 19:59:36.649,M,658.9305,1,658.93,c3196893,XADF
2025-10-16 19:59:34.247,B,658.9207,1,658.92,368a8176,XADF
2025-10-16 19:59:34.212,M,658.9300,1,658.93,0a77c495,XADF
2025-10-16 19:59:33.820,M,658.9105,1,658.91,d98935ed,XADF
2025-10-16 19:59:33.743,B,658.8707,1,658.87,3128742b,XADF
2025-10-16 19:59:32.577,M,658.8512,6,3953.11,1563d825,XADF
2025-10-16 19:59:31.827,M,658.8750,1,658.88,590c718a,XADF
2025-10-16 19:59:30.884,A,658.9000,4,2635.60,0396b65b,XADF
2025-10-16 19:59:30.401,B,658.8500,4,2635.40,427b30df,XADF
2025-10-16 19:59:29.216,B,658.8400,2,1317.68,cad8fa80,XADF
2025-10-16 19:59:29.165,M,658.8851,100,65888.51,e163b225,XADF
2025-10-16 19:59:27.839,M,658.8510,1,658.85,215c8fd8,XADF
2025-10-16 19:59:23.010,M,658.8700,1,658.87,9bf8b82b,XADF
2025-10-16 19:59:22.027,M,658.8700,1,658.87,0f1329f3,XADF
2025-10-16 19:59:19.879,A,658.9000,1,658.90,aa988960,XADF
2025-10-16 19:59:19.024,M,658.8550,1,658.86,74de1f07,XADF
2025-10-16 19:59:17.735,B,658.8300,6,3952.98,90d152ed,XADF
2025-10-16 19:59:17.649,M,658.8510,1,658.85,e345e4d5,XADF
2025-10-16 19:59:16.175,M,658.8307,1,658.83,7eff14b2,XADF
2025-10-16 19:59:11.216,B,658.8100,6,3952.86,0c5afd2d,XADF
2025-10-16 19:59:09.162,M,658.8107,1,658.81,f4da3006,XADF
2025-10-16 19:59:03.836,M,658.7790,1,658.78,ad3439dd,XADF
2025-10-16 19:59:01.916,B,658.7600,10,6587.60,da5ff0e3,XADF
2025-10-16 19:58:59.051,M,658.7900,1,658.79,1bac0843,XADF
2025-10-16 19:58:57.244,M,658.7401,2,1317.48,aef4ba6d,XADF
2025-10-16 19:58:53.314,M,658.7850,1,658.78,2154a5ef,XADF
2025-10-16 19:58:53.260,B,658.7600,1,658.76,89a28858,XADF
2025-10-16 19:58:51.226,M,658.8090,1,658.81,fcd5700b,XADF
2025-10-16 19:58:44.923,M,658.8000,1,658.80,33f0a0c4,XADF
2025-10-16 19:58:44.780,A,658.8300,7,4611.81,c64e3cf5,XADF
2025-10-16 19:58:43.069,B,658.7900,1,658.79,a3db5a3b,XADF
2025-10-16 19:58:38.784,M,658.8312,1,658.83,fcc25408,XADF
2025-10-16 19:58:38.695,B,658.8000,7,4611.60,471620fd,XADF
2025-10-16 19:58:38.579,M,658.8102,1,658.81,764667db,XADF
2025-10-16 19:58:35.511,M,658.8073,100,65880.73,53fcd170,XADF
2025-10-16 19:58:34.814,M,658.7850,1,658.78,9ed71421,XADF
2025-10-16 19:58:33.216,M,658.7850,1,658.78,c226c6c1,XADF
2025-10-16 19:58:25.951,M,658.8000,1,658.80,df85ef3f,XADF
2025-10-16 19:58:25.599,M,658.8000,1,658.80,3c141fda,XADF
2025-10-16 19:58:21.470,M,658.7890,1,658.79,19e1a68e,XADF
2025-10-16 19:58:20.798,M,658.8097,20,13176.19,6284a2f2,XADF
2025-10-16 19:58:18.579,M,658.8001,3,1976.40,06f5b5f4,XADF
2025-10-16 19:58:18.579,B,658.8000,3,1976.40,16f306da,XADF
2025-10-16 19:58:10.527,M,658.8024,110,72468.26,dff509e5,XADF
2025-10-16 19:58:05.123,M,658.8100,8,5270.48,b63bc8a2,XADF
2025-10-16 19:58:00.281,M,658.8092,1,658.81,69746c55,XADF
2025-10-16 19:58:00.279,M,658.8092,1,658.81,78f1e073,XADF
2025-10-16 19:57:59.531,M,658.8287,1,658.83,c59ff28b,XADF
2025-10-16 19:57:58.983,M,658.8400,1,658.84,d53bc572,XADF
2025-10-16 19:57:53.795,M,658.8607,1,658.86,6b84e09d,XADF
2025-10-16 19:57:53.781,B,658.8600,315,207540.90,713b1edc,XADF
2025-10-16 19:57:53.774,M,658.8305,1,658.83,488c5b1a,XADF
2025-10-16 19:57:51.936,A,658.8400,1,658.84,317653f9,XADF
2025-10-16 19:57:47.769,A,658.8400,8,5270.72,46576935,XADF
2025-10-16 19:57:42.111,M,658.7800,1,658.78,8e35c62e,XADF
2025-10-16 19:57:41.955,B,658.7500,1,658.75,047770c9,XADF
2025-10-16 19:57:41.460,A,658.8100,10,6588.10,588381ca,XADF
2025-10-16 19:57:37.591,B,658.7400,60,39524.40,bf63e31b,XADF
2025-10-16 19:57:35.837,M,658.7982,1,658.80,cebd7864,XADF
2025-10-16 19:57:26.659,A,658.8200,1,658.82,270dc6df,XADF
2025-10-16 19:57:21.819,M,658.8600,1,658.86,c97b3102,XADF
2025-10-16 19:57:16.418,A,658.8400,1,658.84,dd1cc6e9,XADF
2025-10-16 19:57:13.355,M,658.8607,1,658.86,539d8007,XADF
2025-10-16 19:57:08.872,M,658.8488,8,5270.79,d684aa4b,XADF
2025-10-16 19:57:07.875,M,658.8488,8,5270.79,e2b8a1de,XADF
2025-10-16 19:57:06.531,A,658.8500,5,3294.25,bb4022f5,XADF
2025-10-16 19:56:59.728,M,658.8250,1,658.82,24c66f44,XADF
2025-10-16 19:56:53.823,M,658.8450,1,658.84,98b7537e,XADF
2025-10-16 19:56:53.144,M,658.8402,1,658.84,b9c0ae1e,XADF
2025-10-16 19:56:53.142,M,658.8402,1,658.84,fc66a2c5,XADF
2025-10-16 19:56:52.006,M,658.8110,1,658.81,09b7de7b,XADF
2025-10-16 19:56:39.393,M,658.7490,1,658.75,a837805a,XADF
2025-10-16 19:56:39.018,M,658.7890,1,658.79,1bdb02ad,XADF
2025-10-16 19:56:33.338,A,658.8100,1,658.81,dcfef36c,XADF
2025-10-16 19:56:27.363,M,658.8200,3,1976.46,6f1dab89,XADF
2025-10-16 19:56:25.312,B,658.8200,1,658.82,59a7cf54,XADF
2025-10-16 19:56:25.115,M,658.8297,3,1976.49,5e129a5c,XADF
2025-10-16 19:56:24.833,B,658.8092,1,658.81,0e033197,XADF
2025-10-16 19:56:22.437,M,658.8305,1,658.83,96020f3c,XADF
2025-10-16 19:56:20.758,A,658.8500,20,13177.00,b328bed5,XADF
2025-10-16 19:56:19.823,M,658.8350,1,658.84,799f068d,XADF
2025-10-16 19:56:14.143,B,658.8200,20,13176.40,43d375a5,XADF
2025-10-16 19:56:12.253,M,658.8050,1,658.80,48f67e41,XADF
2025-10-16 19:56:08.675,M,658.8207,1,658.82,d7d3edd0,XADF
2025-10-16 19:56:08.162,M,658.8105,1,658.81,bc566a86,XADF
2025-10-16 19:56:08.128,M,658.7805,1,658.78,491c0862,XADF
2025-10-16 19:56:05.101,B,658.7100,10,6587.10,8c54eb16,XADF
2025-10-16 19:55:59.511,A,658.8100,5,3294.05,01306fbb,XADF
2025-10-16 19:55:59.037,M,658.7605,1,658.76,21de936b,XADF
2025-10-16 19:55:55.674,M,658.7305,1,658.73,de5ab193,XADF
2025-10-16 19:55:45.121,M,658.7200,1,658.72,a8b6e42e,XADF
2025-10-16 19:55:38.873,M,658.7400,10,6587.40,ebe18f4b,XADF
2025-10-16 19:55:37.122,M,658.7300,1,658.73,b1a966ef,XADF
2025-10-16 19:55:35.115,M,658.7300,1,658.73,880072e7,XADF
2025-10-16 19:55:31.391,M,658.7305,1,658.73,4333159c,XADF
2025-10-16 19:55:30.188,M,658.7300,1,658.73,0cafcffd,XADF
2025-10-16 19:55:29.924,M,658.7300,1,658.73,e1f8633a,XADF
2025-10-16 19:55:25.400,A,658.7150,1,658.72,24559c5d,XADF
2025-10-16 19:55:23.578,M,658.7105,1,658.71,fdf8bab0,XADF
2025-10-16 19:55:20.807,M,658.6915,1,658.69,9bdc8372,XADF
2025-10-16 19:55:19.793,B,658.6607,1,658.66,5ebbffd8,XADF
2025-10-16 19:55:18.769,M,658.6319,53,34907.49,71b3d196,XADF
2025-10-16 19:55:13.521,M,658.6395,1,658.64,f008ccdc,XADF
2025-10-16 19:55:07.625,M,658.6300,1,658.63,ff41b87d,XADF
2025-10-16 19:55:05.123,B,658.6500,30,19759.50,17ef94c1,XADF
2025-10-16 19:55:05.102,M,658.6503,10,6586.50,f98f05bc,XADF
2025-10-16 19:55:03.854,M,658.6607,1,658.66,1ca7190e,XADF
2025-10-16 19:55:03.347,M,658.6504,1,658.65,0a3f5b8b,XADF
2025-10-16 19:55:03.109,M,658.6504,10,6586.50,eba7d17f,XADF
2025-10-16 19:54:59.684,B,658.6402,1,658.64,cc9b16a4,XADF
2025-10-16 19:54:59.329,A,658.6500,1,658.65,7efc7134,XADF
2025-10-16 19:54:50.513,M,658.6300,1,658.63,9813aa1c,XADF
2025-10-16 19:54:46.725,M,658.6300,1,658.63,fc08be0a,XADF
2025-10-16 19:54:40.924,M,658.6200,1,658.62,14765d02,XADF
2025-10-16 19:54:38.911,M,658.6250,1,658.62,86724471,XADF
2025-10-16 19:54:36.618,M,658.6350,1,658.64,126ca417,XADF
2025-10-16 19:54:36.501,A,658.6500,1,658.65,5920a42b,XADF
2025-10-16 19:54:35.394,M,658.6063,50,32930.32,5e6e16fd,XADF
2025-10-16 19:54:29.434,A,658.6500,5,3293.25,0c48d924,XADF
2025-10-16 19:54:27.412,M,658.6250,1,658.62,6c47087c,XADF
2025-10-16 19:54:23.613,M,658.6250,1,658.62,3b5dec9b,XADF
2025-10-16 19:54:20.812,B,658.6000,5,3293.00,943f391d,XADF
2025-10-16 19:54:20.078,M,658.6205,1,658.62,008e4f69,XADF
2025-10-16 19:54:20.077,M,658.6205,1,658.62,8b583a6b,XADF
2025-10-16 19:54:18.951,M,658.5815,1,658.58,1a4ab3d9,XADF
2025-10-16 19:54:11.434,M,658.6012,1,658.60,6b20f13c,XADF
2025-10-16 19:54:11.425,B,658.5815,1,658.58,a8b8a858,XADF
2025-10-16 19:53:56.758,A,658.5590,1,658.56,afb89545,XADF
2025-10-16 19:53:54.692,M,658.5793,15,9878.69,809b3cf5,XADF
2025-10-16 19:53:49.316,M,658.5750,1,658.58,e43f08c1,XADF
2025-10-16 19:53:42.370,M,658.5792,1,658.58,e1c79d76,XADF
2025-10-16 19:53:42.362,A,658.5800,400,263432.00,8820bff9,XADF
2025-10-16 19:53:38.864,A,658.6400,13,8562.32,01956823,XADF
2025-10-16 19:53:34.518,M,658.6250,1,658.62,6e12d89f,XADF
2025-10-16 19:53:33.927,B,658.6000,5,3293.00,e11424d6,XADF
2025-10-16 19:53:29.276,M,658.5897,1,658.59,66319540,XADF
2025-10-16 19:53:17.222,M,658.6300,1,658.63,e8ab9171,XADF
2025-10-16 19:53:08.931,M,658.6192,1,658.62,02afbb0f,XADF
2025-10-16 19:53:05.120,M,658.6004,10,6586.00,8f8d7fb0,XADF
2025-10-16 19:53:02.813,M,658.6403,50,32932.02,eb997ac3,XADF
2025-10-16 19:52:43.972,B,658.6207,1,658.62,f42d19f8,XADF
2025-10-16 19:52:43.072,M,658.6402,1,658.64,5d33b0fb,XADF
2025-10-16 19:52:41.609,M,658.6250,1,658.62,e7473333,XADF
2025-10-16 19:52:40.083,M,658.6207,1,658.62,7724c55b,XADF
2025-10-16 19:52:38.337,M,658.6207,1,658.62,c027eaf7,XADF
2025-10-16 19:52:34.634,M,658.6010,1,658.60,47db3697,XADF
2025-10-16 19:52:33.565,M,658.5815,1,658.58,cb92064d,XADF
2025-10-16 19:52:32.797,M,658.5705,1,658.57,edf71a56,XADF
2025-10-16 19:52:32.590,M,658.5510,1,658.55,37cd74ed,XADF
2025-10-16 19:52:31.695,M,658.5315,1,658.53,fdf1ff36,XADF
2025-10-16 19:52:26.463,A,658.5000,1,658.50,85e2553b,XADF
2025-10-16 19:52:22.760,M,658.4992,1,658.50,371396aa,XADF
2025-10-16 19:52:21.458,M,658.5187,1,658.52,41922319,XADF
2025-10-16 19:52:15.472,M,658.5600,944,621680.64,64855773,XADF
2025-10-16 19:52:15.472,M,658.5700,56,36879.92,845aa093,XADF
2025-10-16 19:52:06.821,M,658.5550,1,658.56,ee679c5d,XADF
2025-10-16 19:52:02.817,M,658.5400,1,658.54,19b84473,XADF
2025-10-16 19:52:01.666,A,658.5600,15,9878.40,8ebe25ce,XADF
2025-10-16 19:52:00.527,M,658.5487,1,658.55,427ca7f4,XADF
2025-10-16 19:52:00.527,A,658.5687,1,658.57,521b0506,XADF
2025-10-16 19:51:57.228,M,658.5890,1,658.59,b6f92d05,XADF
2025-10-16 19:51:54.524,M,658.5705,200,131714.10,2e63a9fe,XADF
2025-10-16 19:51:50.417,M,658.6004,10,6586.00,b1326a66,XADF
2025-10-16 19:51:50.099,M,658.6210,1,658.62,08a889d3,XADF
2025-10-16 19:51:45.308,M,658.6100,1,658.61,6ce7825a,XADF
2025-10-16 19:51:44.823,M,658.6100,2,1317.22,a6891d37,XADF
2025-10-16 19:51:44.651,M,658.6007,1,658.60,6989f8a7,XADF
2025-10-16 19:51:43.654,M,658.5812,1,658.58,3041367e,XADF
2025-10-16 19:51:42.070,M,658.5512,1,658.55,badd7f7d,XADF
2025-10-16 19:51:41.029,M,658.5510,1,658.55,59cb9ca1,XADF
2025-10-16 19:51:39.143,M,658.5201,9,5926.68,6d644406,XADF
2025-10-16 19:51:34.547,M,658.5212,1,658.52,4e415b6b,XADF
2025-10-16 19:51:33.582,M,658.5212,1,658.52,2923a06f,XADF
2025-10-16 19:51:32.164,M,658.4902,1,658.49,e3f0438f,XADF
2025-10-16 19:51:29.736,M,658.4705,1,658.47,26cc2829,XADF
2025-10-16 19:51:26.675,M,658.4510,1,658.45,5b7e282d,XADF
2025-10-16 19:51:24.603,M,658.4600,1,658.46,a7c787e5,XADF
2025-10-16 19:51:24.219,M,658.4510,1,658.45,a14f8678,XADF
2025-10-16 19:51:22.652,M,658.4350,1,658.44,0e4d53ec,XADF
2025-10-16 19:51:22.601,M,658.4017,1,658.40,9d76faba,XADF
2025-10-16 19:51:21.908,M,658.4212,1,658.42,ce87a533,XADF
2025-10-16 19:51:21.582,M,658.4010,1,658.40,07ed182d,XADF
2025-10-16 19:51:21.581,B,658.3612,1,658.36,f1fb6c09,XADF
2025-10-16 19:51:21.579,B,658.3212,1,658.32,9eefa5e7,XADF
2025-10-16 19:51:19.835,M,658.3640,100,65836.40,5680d59f,XADF
2025-10-16 19:51:17.086,B,658.3100,12,7899.72,f9f8a36f,XADF
2025-10-16 19:51:16.004,M,658.2800,1,658.28,0dd7c61b,XADF
2025-10-16 19:51:12.581,A,658.3000,1,658.30,2256f727,XADF
2025-10-16 19:51:12.563,A,658.3000,1,658.30,961dd65b,XADF
2025-10-16 19:51:12.211,M,658.2850,1,658.28,3ba51ca2,XADF
2025-10-16 19:51:12.157,B,658.2700,16,10532.32,50ff45b2,XADF
2025-10-16 19:51:06.316,M,658.2950,1,658.30,bf4aa560,XADF
2025-10-16 19:51:04.687,A,658.3400,15,9875.10,399ba0fc,XADF
2025-10-16 19:51:04.520,M,658.3150,1,658.32,5ea3a10d,XADF
2025-10-16 19:51:02.857,A,658.3400,100,65834.00,b34324cd,XADF
2025-10-16 19:50:55.885,M,658.2890,1,658.29,f9b19431,XADF
2025-10-16 19:50:55.882,A,658.3190,1,658.32,b2c59cec,XADF
2025-10-16 19:50:54.527,M,658.3550,1,658.36,643e172c,XADF
2025-10-16 19:50:53.784,M,658.3385,1,658.34,e56c0a0f,XADF
2025-10-16 19:50:52.522,M,658.3717,1,658.37,cf89b523,XADF
2025-10-16 19:50:51.207,M,658.3615,1,658.36,3f7862d2,XADF
2025-10-16 19:50:50.676,M,658.3312,1,658.33,5073d19e,XADF
2025-10-16 19:50:50.133,M,658.3384,15,9875.08,9d407957,XADF
2025-10-16 19:50:49.891,M,658.3022,3,1974.91,824d9580,XADF
2025-10-16 19:50:48.483,M,658.3010,1,658.30,73ca6737,XADF
2025-10-16 19:50:47.855,M,658.3010,1,658.30,59bd5aa8,XADF
2025-10-16 19:50:46.619,B,658.2392,1,658.24,adac38e0,XADF
2025-10-16 19:50:46.615,M,658.2687,1,658.27,f4d8be0b,XADF
2025-10-16 19:50:45.394,M,658.2690,1,658.27,d8401f8f,XADF
2025-10-16 19:50:45.392,A,658.2700,45,29622.15,0fd0bc49,XADF
2025-10-16 19:50:34.207,M,658.2717,49,32255.31,e0478049,XADF
2025-10-16 19:50:33.915,B,658.2700,1,658.27,81ca5b46,XADF
2025-10-16 19:50:29.402,M,658.3200,1,658.32,7a4b3aa4,XADF
2025-10-16 19:50:29.121,M,658.3050,1,658.30,628f4ae2,XADF
2025-10-16 19:50:28.316,M,658.3050,1,658.30,543dcf20,XADF
2025-10-16 19:50:26.538,M,658.3200,7,4608.24,0f92dcd1,XADF
2025-10-16 19:50:26.126,M,658.3050,1,658.30,2109ba9d,XADF
2025-10-16 19:50:23.388,M,658.2850,1,658.28,370c182b,XADF
2025-10-16 19:50:22.423,M,658.2890,1,658.29,40a1ed7a,XADF
2025-10-16 19:50:22.114,M,658.3186,4,2633.27,03adb8c1,XADF
2025-10-16 19:50:21.691,M,658.3085,1,658.31,e5ed02b0,XADF
2025-10-16 19:50:20.026,M,658.3085,1,658.31,b20e60ee,XADF
2025-10-16 19:50:15.866,M,658.3385,1,658.34,845faf24,XADF
2025-10-16 19:50:15.032,M,658.3282,1,658.33,cc9bbc7b,XADF
2025-10-16 19:50:14.612,M,658.3395,1,658.34,a36d6378,XADF
2025-10-16 19:50:14.182,A,658.3400,1,658.34,1f1871b2,XADF
2025-10-16 19:50:13.620,M,658.3395,1,658.34,1b4c1c0c,XADF
2025-10-16 19:50:13.613,A,658.3400,1,658.34,dd6e26de,XADF
2025-10-16 19:50:13.610,A,658.3592,1,658.36,1ebb92f2,XADF
2025-10-16 19:50:13.598,A,658.3400,1,658.34,611c969f,XADF
2025-10-16 19:50:12.658,M,658.3690,1,658.37,364f58b8,XADF
2025-10-16 19:50:12.025,M,658.3600,1,658.36,6814da3d,XADF
2025-10-16 19:50:11.233,A,658.3900,30,19751.70,6c625f81,XADF
2025-10-16 19:50:07.519,M,658.3890,1,658.39,96b2f2f3,XADF
2025-10-16 19:49:59.284,M,658.4004,50,32920.02,157ef4c1,XADF
2025-10-16 19:49:57.450,M,658.4087,1,658.41,a30ef7be,XADF
2025-10-16 19:49:55.907,M,658.4000,1,658.40,2d371bb6,XADF
2025-10-16 19:49:54.553,A,658.4200,1,658.42,8b794632,XADF
2025-10-16 19:49:47.390,A,658.4500,1,658.45,57ab24f6,XADF
2025-10-16 19:49:42.414,M,658.4200,1,658.42,6e91f7fc,XADF
2025-10-16 19:49:38.739,M,658.4697,8,5267.76,12607a7b,XADF
2025-10-16 19:49:38.465,A,658.4700,1,658.47,1dc99cf7,XADF
2025-10-16 19:49:36.584,M,658.4550,1,658.46,37e76982,XADF
2025-10-16 19:49:31.325,A,658.4600,1,658.46,9077fb34,XADF
2025-10-16 19:49:24.064,M,658.4683,1,658.47,148f4da3,XADF
2025-10-16 19:49:21.065,A,658.4200,1,658.42,521885c8,XADF
2025-10-16 19:49:20.713,M,658.3850,1,658.38,630fd391,XADF
2025-10-16 19:49:12.297,M,658.4510,1,658.45,c4b968a0,XADF
2025-10-16 19:49:12.283,M,658.4500,3,1975.35,8f99e525,XADF
2025-10-16 19:49:07.740,M,658.3900,3,1975.17,d0e370fc,XADF
2025-10-16 19:49:06.229,A,658.4200,1,658.42,4c9e1429,XADF
2025-10-16 19:49:03.903,A,658.4400,1,658.44,be0f9c94,XADF
2025-10-16 19:49:03.736,A,658.4400,27,17777.88,161b7bfb,XADF
2025-10-16 19:49:02.569,M,658.3987,1,658.40,31faa2c6,XADF
2025-10-16 19:49:01.357,M,658.4085,1,658.41,af7be209,XADF
2025-10-16 19:49:00.393,M,658.4192,1,658.42,702c1105,XADF
2025-10-16 19:48:58.719,M,658.4016,15,9876.02,b99f91ad,XADF
2025-10-16 19:48:56.752,A,658.4100,2,1316.82,f2502375,XADF
2025-10-16 19:48:56.624,M,658.4382,1,658.44,e5805fd2,XADF
2025-10-16 19:48:55.425,M,658.4395,1,658.44,588d27b7,XADF
2025-10-16 19:48:54.627,M,658.4450,1,658.44,4da5bb15,XADF
2025-10-16 19:48:51.021,A,658.4900,1,658.49,dbae51a6,XADF
2025-10-16 19:48:48.576,A,658.4900,2,1316.98,db5a45d6,XADF
2025-10-16 19:48:44.282,B,658.4500,100,65845.00,883e6e50,XADF
2025-10-16 19:48:44.222,M,658.4690,1,658.47,0d226324,XADF
2025-10-16 19:48:40.809,M,658.4890,1,658.49,f577f4d9,XADF
2025-10-16 19:48:40.633,A,658.5200,1,658.52,9e8b0350,XADF
2025-10-16 19:48:40.618,M,658.5192,1,658.52,99877322,XADF
2025-10-16 19:48:40.042,M,658.5390,1,658.54,6c99c90f,XADF
2025-10-16 19:48:40.041,M,658.5390,1,658.54,36699c89,XADF
2025-10-16 19:48:38.015,M,658.5500,1,658.55,b9988bc3,XADF
2025-10-16 19:48:34.241,A,658.6000,1,658.60,96a8e233,XADF
2025-10-16 19:48:31.521,M,658.5850,1,658.58,b114b2ed,XADF
2025-10-16 19:48:31.348,M,658.5902,1,658.59,62f8e205,XADF
2025-10-16 19:48:22.195,M,658.5610,1,658.56,bfd9f1be,XADF
2025-10-16 19:48:21.281,M,658.5510,1,658.55,6e3bc77c,XADF
2025-10-16 19:48:19.102,M,658.5687,1,658.57,4b12a106,XADF
2025-10-16 19:48:18.435,A,658.5700,1,658.57,903a5c32,XADF
2025-10-16 19:48:17.003,M,658.5205,1,658.52,67e70a65,XADF
2025-10-16 19:48:16.285,M,658.5150,1,658.52,29ed9a15,XADF
2025-10-16 19:48:15.986,M,658.5007,1,658.50,44e94617,XADF
2025-10-16 19:48:07.318,A,658.4800,2,1316.96,014881ab,XADF
2025-10-16 19:48:07.026,M,658.4687,1,658.47,4709788a,XADF
2025-10-16 19:48:06.100,A,658.4890,1,658.49,cc39a6fb,XADF
2025-10-16 19:48:02.700,A,658.5000,10,6585.00,26e931d3,XADF
2025-10-16 19:48:02.008,A,658.5090,1,658.51,da533a26,XADF
2025-10-16 19:48:02.007,A,658.5192,1,658.52,b84976a1,XADF
2025-10-16 19:48:00.925,M,658.5490,1,658.55,8f16d6c5,XADF
2025-10-16 19:47:53.639,M,658.5687,1,658.57,da2a152a,XADF
2025-10-16 19:47:52.786,M,658.5450,1,658.54,951a5e27,XADF
2025-10-16 19:47:50.490,M,658.5687,1,658.57,e0f5fe5c,XADF
2025-10-16 19:47:50.147,A,658.6087,1,658.61,6901ddaf,XADF
2025-10-16 19:47:49.122,M,658.6187,1,658.62,f14ee7cb,XADF
2025-10-16 19:47:49.111,A,658.6492,1,658.65,9b24876b,XADF
2025-10-16 19:47:49.103,A,658.6690,1,658.67,b110c071,XADF
2025-10-16 19:47:45.376,A,658.7200,62,40840.64,5360e506,XADF
2025-10-16 19:47:42.874,A,658.7200,5,3293.60,86478890,XADF
2025-10-16 19:47:40.429,A,658.7200,5,3293.60,68c68a21,XADF
2025-10-16 19:47:32.823,A,658.7200,400,263488.00,35c57953,XADF
2025-10-16 19:47:32.734,B,658.6804,1,658.68,172b3448,XADF
2025-10-16 19:47:32.720,B,658.7000,1,658.70,55bb7910,XADF
2025-10-16 19:47:32.716,B,658.7000,1,658.70,5ea75622,XADF
2025-10-16 19:47:29.753,M,658.6907,1,658.69,cd56e04d,XADF
2025-10-16 19:47:29.066,B,658.6200,30,19758.60,394af25c,XADF
2025-10-16 19:47:28.579,M,658.6950,1,658.70,1ceb5257,XADF
2025-10-16 19:47:27.856,M,658.6687,1,658.67,52efbcff,XADF
2025-10-16 19:47:27.854,M,658.6687,1,658.67,78cd2837,XADF
2025-10-16 19:47:25.427,A,658.7200,1,658.72,a4290294,XADF
2025-10-16 19:47:23.513,M,658.6882,1,658.69,a1e86c62,XADF
2025-10-16 19:47:20.129,M,658.7187,1,658.72,45aba33f,XADF
2025-10-16 19:47:11.795,M,658.7201,1,658.72,127d2438,XADF
2025-10-16 19:47:08.683,M,658.7292,1,658.73,5baec105,XADF
2025-10-16 19:47:02.620,M,658.7450,1,658.74,571b4401,XADF
2025-10-16 19:47:01.212,M,658.7800,1,658.78,cff68ee6,XADF
2025-10-16 19:46:58.488,M,658.7212,19,12515.70,0b68faef,XADF
2025-10-16 19:46:55.404,A,658.7800,10,6587.80,341822ee,XADF
2025-10-16 19:46:50.971,B,658.7600,1000,658760.00,61ba32ce,XADF
2025-10-16 19:46:45.222,M,658.7350,1,658.74,174ad13a,XADF
2025-10-16 19:46:43.375,B,658.7300,10,6587.30,c7461423,XADF
2025-10-16 19:46:42.864,M,658.7592,1,658.76,9b122139,XADF
2025-10-16 19:46:41.519,M,658.8050,1,658.80,6bf9029e,XADF
2025-10-16 19:46:40.617,M,658.7900,1,658.79,8cd3d56f,XADF
2025-10-16 19:46:40.558,B,658.7800,5,3293.90,70626dfc,XADF
2025-10-16 19:46:38.320,M,658.7805,1,658.78,2977cb59,XADF
2025-10-16 19:46:34.219,M,658.7800,1,658.78,47b54e08,XADF
2025-10-16 19:46:33.802,A,658.8000,1,658.80,5e421331,XADF
2025-10-16 19:46:33.603,M,658.7610,1,658.76,e83a7714,XADF
2025-10-16 19:46:32.946,B,658.7600,1,658.76,a79ec5f0,XADF
2025-10-16 19:46:30.592,M,658.7317,1,658.73,d0459b19,XADF
2025-10-16 19:46:30.203,M,658.7605,1,658.76,65fcabcd,XADF
2025-10-16 19:46:29.434,A,658.7700,1,658.77,12b707dd,XADF
2025-10-16 19:46:28.807,M,658.7307,1,658.73,33547139,XADF
2025-10-16 19:46:27.243,A,658.7300,50,32936.50,3973ffee,XADF
2025-10-16 19:46:25.703,M,658.6615,20,13173.23,c39e6a22,XADF
2025-10-16 19:46:25.250,B,658.6600,1,658.66,1a774149,XADF
2025-10-16 19:46:24.708,M,658.7107,1,658.71,c9ea1ccd,XADF
2025-10-16 19:46:24.575,M,658.6710,1,658.67,a87cb54b,XADF
2025-10-16 19:46:23.579,A,658.7100,1,658.71,b0cac0e3,XADF
2025-10-16 19:46:21.170,A,658.7000,5,3293.50,ceb1b3e6,XADF
2025-10-16 19:46:19.615,M,658.6610,1,658.66,ef3e7038,XADF
2025-10-16 19:46:17.567,M,658.6315,1,658.63,96e71563,XADF
2025-10-16 19:46:14.628,B,658.6000,1,658.60,5955a90d,XADF
2025-10-16 19:46:13.712,M,658.6650,1,658.66,34ed467b,XADF
2025-10-16 19:46:13.651,M,658.6317,1,658.63,24e58cf2,XADF
2025-10-16 19:46:13.050,M,658.6412,1,658.64,79566fdc,XADF
2025-10-16 19:46:12.321,B,658.5915,1,658.59,812c8fa6,XADF
2025-10-16 19:46:08.731,B,658.5710,1,658.57,b5b46cc6,XADF
2025-10-16 19:46:06.444,A,658.6100,10,6586.10,b90da26d,XADF
2025-10-16 19:46:05.127,M,658.5608,30,19756.82,72d1d080,XADF
2025-10-16 19:46:05.108,M,658.5611,10,6585.61,cad1f3d0,XADF
2025-10-16 19:45:59.309,M,658.5610,1,658.56,3b8946cb,XADF
2025-10-16 19:45:59.296,B,658.5600,2,1317.12,f2631627,XADF
2025-10-16 19:45:56.831,M,658.5305,1,658.53,a8dd5ed0,XADF
2025-10-16 19:45:54.878,B,658.5200,1,658.52,4824887b,XADF
2025-10-16 19:45:46.260,M,658.4814,14,9218.74,5fef3931,XADF
2025-10-16 19:45:45.638,M,658.5215,1,658.52,1a5971fc,XADF
2025-10-16 19:45:43.647,M,658.4907,1,658.49,9f7b2db3,XADF
2025-10-16 19:45:41.527,M,658.5050,1,658.50,d6ff28f1,XADF
2025-10-16 19:45:39.459,M,658.4812,1,658.48,168e89ea,XADF
2025-10-16 19:45:39.207,M,658.5015,1,658.50,e6162128,XADF
2025-10-16 19:45:38.458,B,658.4407,1,658.44,6fd776fe,XADF
2025-10-16 19:45:37.628,B,658.4212,1,658.42,a137e80d,XADF
2025-10-16 19:45:33.207,M,658.3815,1,658.38,c03d1e0a,XADF
2025-10-16 19:45:32.555,M,658.4015,1,658.40,f9b95ad6,XADF
2025-10-16 19:45:32.295,B,658.3610,1,658.36,9444e63a,XADF
2025-10-16 19:45:30.903,M,658.3610,1,658.36,4cae7521,XADF
2025-10-16 19:45:27.815,M,658.3100,1,658.31,3e9d5261,XADF
2025-10-16 19:45:24.319,M,658.3100,1,658.31,be5493bf,XADF
2025-10-16 19:45:22.149,M,658.3107,1,658.31,f149701b,XADF
2025-10-16 19:45:18.254,M,658.3050,1,658.30,91113aea,XADF
2025-10-16 19:45:09.621,M,658.3000,1,658.30,e48ad909,XADF
2025-10-16 19:45:09.493,A,658.3300,1,658.33,b0652d60,XADF
2025-10-16 19:45:03.442,M,658.2887,1,658.29,2942596b,XADF
2025-10-16 19:45:03.293,A,658.3100,1,658.31,31ab38ea,XADF
2025-10-16 19:44:56.306,A,658.3300,7,4608.31,f4ec737f,XADF
2025-10-16 19:44:52.627,M,658.2950,1,658.30,efea5e4e,XADF
2025-10-16 19:44:50.462,A,658.3200,1,658.32,de8f727e,XADF
2025-10-16 19:44:43.585,A,658.3500,100,65835.00,c6fe8fa2,XADF
2025-10-16 19:44:43.383,M,658.3400,1,658.34,3ca0df8f,XADF
2025-10-16 19:44:42.390,M,658.3112,1,658.31,3cc61f61,XADF
2025-10-16 19:44:40.824,M,658.2750,1,658.28,bd681b3f,XADF
2025-10-16 19:44:35.358,M,658.2950,1,658.30,7d70547b,XADF
2025-10-16 19:44:34.124,M,658.2800,1,658.28,54c11e3d,XADF
2025-10-16 19:44:33.799,M,658.2501,25,16456.25,b6a1c30e,XADF
2025-10-16 19:44:32.607,M,658.2950,1,658.30,8a1ba91d,XADF
2025-10-16 19:44:30.919,M,658.2950,1,658.30,285cb008,XADF
2025-10-16 19:44:29.789,A,658.3200,100,65832.00,f1b2ac5a,XADF
2025-10-16 19:44:28.530,M,658.3107,1,658.31,4c03d92f,XADF
2025-10-16 19:44:27.622,M,658.2800,1,658.28,ebdfb869,XADF
2025-10-16 19:44:26.023,M,658.2700,15,9874.05,e32d1703,XADF
2025-10-16 19:44:18.821,M,658.3050,1,658.30,819db6eb,XADF
2025-10-16 19:44:18.472,M,658.2817,1,658.28,743aa700,XADF
2025-10-16 19:44:16.244,M,658.2615,1,658.26,dfa12a66,XADF
2025-10-16 19:44:16.216,M,658.2500,1,658.25,806a0b81,XADF
2025-10-16 19:44:14.720,M,658.2500,1,658.25,19d5c123,XADF
2025-10-16 19:44:10.025,M,658.2500,1,658.25,2787caed,XADF
2025-10-16 19:44:09.677,M,658.2312,1,658.23,5c0e0898,XADF
2025-10-16 19:44:07.286,B,658.2100,31,20404.51,5868df98,XADF
2025-10-16 19:44:05.916,B,658.2100,1,658.21,804e3124,XADF
2025-10-16 19:44:01.244,M,658.1614,350,230356.49,a8fb8934,XADF
2025-10-16 19:43:58.712,M,658.2150,1,658.22,42f1e11c,XADF
2025-10-16 19:43:58.017,M,658.2150,1,658.22,50bb61a8,XADF
2025-10-16 19:43:56.318,M,658.1950,1,658.20,eda34c7c,XADF
2025-10-16 19:43:55.667,M,658.2288,1,658.23,cd5daa28,XADF
2025-10-16 19:43:52.718,M,658.1950,1,658.20,27292f82,XADF
2025-10-16 19:43:47.717,M,658.2200,1,658.22,79ed5f68,XADF
2025-10-16 19:43:46.024,M,658.2300,1,658.23,2ae510df,XADF
2025-10-16 19:43:39.817,M,658.2100,1,658.21,38417084,XADF
2025-10-16 19:43:36.176,M,658.2400,5,3291.20,1f68a7df,XADF
2025-10-16 19:43:32.917,M,658.1900,1,658.19,316e61bf,XADF
2025-10-16 19:43:31.480,B,658.1600,2,1316.32,69a6df2d,XADF
2025-10-16 19:43:29.000,M,658.2114,5,3291.06,ef474d3d,XADF
2025-10-16 19:43:26.724,M,658.1950,1,658.20,311427a8,XADF
2025-10-16 19:43:26.280,M,658.2050,1,658.20,e205d794,XADF
2025-10-16 19:43:23.660,M,658.1982,1,658.20,1306c205,XADF
2025-10-16 19:43:21.871,M,658.2185,1,658.22,0aacdca7,XADF
2025-10-16 19:43:21.650,M,658.2000,1,658.20,0105d3e0,XADF
2025-10-16 19:43:20.291,M,658.2285,1,658.23,d6a2dade,XADF
2025-10-16 19:43:19.574,M,658.2100,1,658.21,8de7850e,XADF
2025-10-16 19:43:18.000,M,658.2385,1,658.24,5403f73d,XADF
2025-10-16 19:43:16.867,A,658.2500,1,658.25,e3a9819c,XADF
2025-10-16 19:43:14.913,M,658.2100,1,658.21,60cf16b5,XADF
2025-10-16 19:43:13.026,M,658.2300,1,658.23,b9cd9f5d,XADF
2025-10-16 19:43:05.821,M,658.2450,1,658.24,3ecc37a4,XADF
2025-10-16 19:43:04.713,B,658.2100,100,65821.00,76d877e2,XADF
2025-10-16 19:42:59.306,M,658.2650,1,658.26,1539ab07,XADF
2025-10-16 19:42:57.526,M,658.2612,1,658.26,df86fd37,XADF
2025-10-16 19:42:52.517,M,658.2050,1,658.20,9831b150,XADF
2025-10-16 19:42:45.352,M,658.2385,1,658.24,32a1c8dd,XADF
2025-10-16 19:42:37.593,M,658.2587,1,658.26,3e1855f8,XADF
2025-10-16 19:42:27.500,M,658.2850,1,658.28,fbc82e3e,XADF
2025-10-16 19:42:26.025,M,658.3100,1,658.31,4c7bb140,XADF
2025-10-16 19:42:23.836,M,658.3015,1,658.30,2abf185a,XADF
2025-10-16 19:42:22.789,B,658.2617,1,658.26,281b0094,XADF
2025-10-16 19:42:20.233,M,658.2517,1,658.25,0cd108b5,XADF
2025-10-16 19:42:10.405,M,658.2282,1,658.23,a9eca188,XADF
2025-10-16 19:42:07.912,M,658.1890,1,658.19,faa311f7,XADF
2025-10-16 19:42:07.911,M,658.2087,1,658.21,fa07a80e,XADF
2025-10-16 19:42:07.532,M,658.2285,1,658.23,9340840d,XADF
2025-10-16 19:42:07.365,A,658.2600,100,65826.00,a5436be6,XADF
2025-10-16 19:42:07.349,M,658.2675,1,658.27,450c4538,XADF
2025-10-16 19:42:07.331,A,658.2982,1,658.30,8871841d,XADF
2025-10-16 19:42:06.690,M,658.3182,1,658.32,9636fb20,XADF
2025-10-16 19:42:04.289,M,658.3282,1,658.33,2dd346d9,XADF
2025-10-16 19:42:03.192,M,658.3182,1,658.32,8df94ea6,XADF
2025-10-16 19:42:03.109,A,658.3785,1,658.38,530e1bb7,XADF
2025-10-16 19:41:56.461,M,658.4100,20,13168.20,08458fd5,XADF
2025-10-16 19:41:53.956,M,658.3982,1,658.40,a46d8e5d,XADF
2025-10-16 19:41:41.585,B,658.4100,10,6584.10,48961212,XADF
2025-10-16 19:41:34.367,M,658.4318,10,6584.32,08482d98,XADF
2025-10-16 19:41:32.462,M,658.4312,1,658.43,f4a477a3,XADF
2025-10-16 19:41:30.226,M,658.4300,1,658.43,c43dee04,XADF
2025-10-16 19:41:30.114,M,658.4300,1,658.43,eb46cfd3,XADF
2025-10-16 19:41:28.300,M,658.4017,1,658.40,775ca769,XADF
2025-10-16 19:41:27.370,A,658.4500,3,1975.35,e3140b70,XADF
2025-10-16 19:41:27.030,M,658.4112,1,658.41,fbdf6e54,XADF
2025-10-16 19:41:26.181,B,658.3812,1,658.38,36173b93,XADF
2025-10-16 19:41:24.928,M,658.3287,1,658.33,50d22180,XADF
2025-10-16 19:41:24.727,A,658.3587,1,658.36,74caa590,XADF
2025-10-16 19:41:17.629,M,658.3812,1,658.38,fba00c2a,XADF
2025-10-16 19:41:13.899,A,658.3800,100,65838.00,706dd1b0,XADF
2025-10-16 19:41:12.014,M,658.3304,1,658.33,35374182,XADF
2025-10-16 19:41:09.797,B,658.3300,50,32916.50,595b755c,XADF
2025-10-16 19:41:06.248,M,658.3117,1,658.31,fc8dacbb,XADF
2025-10-16 19:41:06.107,M,658.3450,1,658.34,8029d9b4,XADF
2025-10-16 19:41:05.406,M,658.3615,1,658.36,b047f239,XADF
2025-10-16 19:41:05.404,B,658.3412,1,658.34,2db79afd,XADF
2025-10-16 19:41:05.403,B,658.3312,1,658.33,622d99b9,XADF
2025-10-16 19:41:03.827,M,658.3112,1,658.31,fff0a9c5,XADF
2025-10-16 19:41:01.600,M,658.3112,1,658.31,abfe90a5,XADF
2025-10-16 19:41:00.200,M,658.2710,1,658.27,1e73181e,XADF
2025-10-16 19:40:59.083,M,658.2612,1,658.26,aedbc6fa,XADF
2025-10-16 19:40:55.017,M,658.2200,1,658.22,6c133f3b,XADF
2025-10-16 19:40:53.567,A,658.2200,1,658.22,b9a8ff00,XADF
2025-10-16 19:40:52.291,M,658.2415,1,658.24,e103b43f,XADF
2025-10-16 19:40:50.120,M,658.2315,1,658.23,e9834232,XADF
2025-10-16 19:40:48.934,M,658.2115,1,658.21,a3ba0dac,XADF
2025-10-16 19:40:46.856,M,658.2315,1,658.23,1f4ddfc3,XADF
2025-10-16 19:40:45.418,M,658.2107,1,658.21,a6cf7119,XADF
2025-10-16 19:40:45.227,B,658.1417,1,658.14,54784092,XADF
2025-10-16 19:40:44.838,A,658.1600,11,7239.76,f138e4a0,XADF
2025-10-16 19:40:44.413,M,658.1585,1,658.16,2953e137,XADF
2025-10-16 19:40:42.325,B,658.1100,40,26324.40,105070e7,XADF
2025-10-16 19:40:38.821,M,658.1122,1,658.11,f414daf3,XADF
2025-10-16 19:40:37.842,M,658.1112,1,658.11,fb7b5f28,XADF
2025-10-16 19:40:35.029,M,658.1050,1,658.10,65b2e135,XADF
2025-10-16 19:40:33.688,A,658.1300,16,10530.08,b4ace2d6,XADF
2025-10-16 19:40:29.953,A,658.1100,1700,1118787.00,a7825a11,XADF
2025-10-16 19:40:29.953,A,658.1100,7200,4738392.00,085500be,XADF
2025-10-16 19:40:29.184,M,658.0787,1,658.08,1c7fa7ab,XADF
2025-10-16 19:40:27.528,M,658.0450,1,658.04,905d4e6c,XADF
2025-10-16 19:40:26.661,A,658.0600,1,658.06,49badac0,XADF
2025-10-16 19:40:25.619,M,658.0595,1,658.06,350c2791,XADF
2025-10-16 19:40:25.617,M,658.0595,1,658.06,69dc3bb4,XADF
2025-10-16 19:40:25.310,M,658.0750,1,658.08,5666c917,XADF
2025-10-16 19:40:23.405,M,658.1082,1,658.11,f0c8141c,XADF
2025-10-16 19:40:20.519,M,658.1085,1,658.11,3c5a6b1b,XADF
2025-10-16 19:40:19.324,M,658.1090,1,658.11,d00515a4,XADF
2025-10-16 19:40:18.883,M,658.1287,1,658.13,d5afc372,XADF
2025-10-16 19:40:18.817,A,658.1800,1,658.18,bf5d7344,XADF
2025-10-16 19:40:18.696,A,658.1790,1,658.18,2159af7c,XADF
2025-10-16 19:40:18.695,A,658.1790,1,658.18,73753130,XADF
2025-10-16 19:40:18.595,A,658.2200,1,658.22,577a6f3c,XADF
2025-10-16 19:40:15.877,A,658.2300,1,658.23,9b2ad7bf,XADF
2025-10-16 19:40:14.087,M,658.2283,39,25670.90,9690b473,XADF
2025-10-16 19:40:13.892,M,658.2200,5,3291.10,6f93a29e,XADF
2025-10-16 19:40:04.907,M,658.2500,1,658.25,3feb958e,XADF
2025-10-16 19:40:03.873,M,658.2215,1,658.22,4b5794e3,XADF
2025-10-16 19:39:57.359,A,658.2400,1,658.24,071fed4f,XADF
2025-10-16 19:39:54.428,M,658.2000,1,658.20,5ec4e307,XADF
2025-10-16 19:39:54.082,M,658.2285,1,658.23,a742d98b,XADF
2025-10-16 19:39:49.033,M,658.1608,7,4607.13,bfaa71b6,XADF
2025-10-16 19:39:47.901,M,658.2000,1,658.20,65bb2d32,XADF
2025-10-16 19:39:42.223,M,658.2112,1,658.21,9c195d78,XADF
2025-10-16 19:39:42.222,B,658.1812,1,658.18,73493399,XADF
2025-10-16 19:39:40.919,M,658.1612,1,658.16,b4b1fb44,XADF
2025-10-16 19:39:34.416,M,658.1450,1,658.14,0432c0db,XADF
2025-10-16 19:39:30.451,M,658.1287,1,658.13,96985cde,XADF
2025-10-16 19:39:30.450,M,658.1482,1,658.15,5a07371c,XADF
2025-10-16 19:39:30.437,A,658.1300,98,64496.74,02cfb596,XADF
2025-10-16 19:39:24.166,M,658.1592,1,658.16,ee692700,XADF
2025-10-16 19:39:23.275,A,658.1690,1,658.17,6ba7e1a3,XADF
2025-10-16 19:39:19.734,M,658.1787,1,658.18,e35f3385,XADF
2025-10-16 19:39:18.712,M,658.1787,1,658.18,8efc4f41,XADF
2025-10-16 19:39:17.477,M,658.2085,1,658.21,32ef33c6,XADF
2025-10-16 19:39:16.507,M,658.2650,1,658.26,f23bd019,XADF
2025-10-16 19:39:15.016,M,658.2617,1,658.26,0ee90529,XADF
2025-10-16 19:39:14.386,M,658.2612,1,658.26,555765e9,XADF
2025-10-16 19:39:11.510,M,658.2212,1,658.22,e0fad6f7,XADF
2025-10-16 19:39:11.509,M,658.2115,1,658.21,9e9ba350,XADF
2025-10-16 19:39:11.365,B,658.1710,1,658.17,3bebe486,XADF
2025-10-16 19:39:11.364,B,658.1515,1,658.15,73e2c588,XADF
2025-10-16 19:39:08.536,M,658.1307,1,658.13,08667ee3,XADF
2025-10-16 19:39:05.965,A,658.1600,5,3290.80,985ae6ba,XADF
2025-10-16 19:39:00.447,M,658.1250,1,658.12,e1aed841,XADF
2025-10-16 19:38:55.722,M,658.0950,1,658.10,2eda9985,XADF
2025-10-16 19:38:44.981,M,658.1200,1,658.12,ea73dd02,XADF
2025-10-16 19:38:30.285,A,658.1300,20,13162.60,694d1033,XADF
2025-10-16 19:38:23.420,M,658.1112,1,658.11,687d3a4e,XADF
2025-10-16 19:38:17.113,M,658.0500,8,5264.40,167f9c7a,XADF
2025-10-16 19:38:17.113,M,658.0501,8,5264.40,1e4a0ce1,XADF
2025-10-16 19:38:16.643,A,658.1400,1,658.14,fc3c0d06,XADF
2025-10-16 19:38:16.386,M,658.0795,1,658.08,44a9538d,XADF
2025-10-16 19:38:16.384,M,658.0795,1,658.08,b9228ecc,XADF
2025-10-16 19:38:16.097,M,658.1190,1,658.12,d3c6c530,XADF
2025-10-16 19:38:15.982,A,658.1400,1,658.14,712006f9,XADF
2025-10-16 19:38:15.945,M,658.1387,1,658.14,d80b5d90,XADF
2025-10-16 19:38:08.328,M,658.1497,1,658.15,772d507e,XADF
2025-10-16 19:38:07.970,M,658.1595,1,658.16,8cbd389d,XADF
2025-10-16 19:37:59.615,M,658.1600,1,658.16,f126e2e4,XADF
2025-10-16 19:37:59.131,M,658.1790,1,658.18,14205fc1,XADF
2025-10-16 19:37:58.739,A,658.1900,1,658.19,64bc4e7c,XADF
2025-10-16 19:37:57.212,M,658.1950,1,658.20,4619c064,XADF
2025-10-16 19:37:56.432,M,658.1900,1,658.19,e81a288a,XADF
2025-10-16 19:37:56.266,A,658.2200,3,1974.66,1e63268a,XADF
2025-10-16 19:37:54.910,M,658.2112,1,658.21,5bf23c3a,XADF
2025-10-16 19:37:53.819,M,658.1917,1,658.19,2f4b0047,XADF
2025-10-16 19:37:49.135,B,658.1500,30,19744.50,591e52aa,XADF
2025-10-16 19:37:42.447,M,658.1797,2,1316.36,d419e687,XADF
2025-10-16 19:37:41.076,A,658.1800,5,3290.90,7c4a351a,XADF
2025-10-16 19:37:38.363,M,658.2191,5,3291.10,a29ba71d,XADF
2025-10-16 19:37:37.504,A,658.2200,5,3291.10,4d68b59a,XADF
2025-10-16 19:37:35.591,M,658.2089,15,9873.13,a2779001,XADF
2025-10-16 19:37:32.179,A,658.2300,1,658.23,1ab759ef,XADF
2025-10-16 19:37:31.857,B,658.1600,50,32908.00,12f64af2,XADF
2025-10-16 19:37:29.354,M,658.1950,1,658.20,6b914e7d,XADF
2025-10-16 19:37:26.434,A,658.1800,10,6581.80,446f3043,XADF
2025-10-16 19:37:24.918,M,658.1600,1,658.16,3dcc6373,XADF
2025-10-16 19:37:23.124,M,658.1600,1,658.16,071047c0,XADF
2025-10-16 19:37:18.884,M,658.1595,1,658.16,33814beb,XADF
2025-10-16 19:37:17.680,M,658.1692,1,658.17,7be482b4,XADF
2025-10-16 19:37:17.325,A,658.1700,1,658.17,d44889a8,XADF
2025-10-16 19:37:16.262,M,658.1692,1,658.17,c089b7b1,XADF
2025-10-16 19:37:15.131,M,658.1790,1,658.18,c814bbcd,XADF
2025-10-16 19:37:13.669,M,658.1790,1,658.18,0591b0e7,XADF
2025-10-16 19:37:11.476,M,658.2082,1,658.21,b79bd1e5,XADF
2025-10-16 19:37:11.025,M,658.1750,1,658.18,b91d7456,XADF
2025-10-16 19:37:09.698,M,658.1997,1,658.20,639d4241,XADF
2025-10-16 19:37:06.383,M,658.2290,1,658.23,c84489c6,XADF
2025-10-16 19:37:06.381,M,658.2290,1,658.23,09bb305e,XADF
2025-10-16 19:37:06.365,A,658.2300,91,59898.93,e8ce11b1,XADF
2025-10-16 19:37:06.271,M,658.2790,1,658.28,c52a256b,XADF
2025-10-16 19:37:06.271,M,658.2790,1,658.28,748469ff,XADF
2025-10-16 19:37:03.966,M,658.3195,1,658.32,28aa4c13,XADF
2025-10-16 19:36:58.848,M,658.3417,1,658.34,ff8c72fd,XADF
2025-10-16 19:36:58.313,M,658.3700,1,658.37,f09b8a64,XADF
2025-10-16 19:36:57.479,M,658.3320,1,658.33,5e2bdb33,XADF
2025-10-16 19:36:49.620,M,658.3015,1,658.30,7b9d7ea9,XADF
2025-10-16 19:36:48.499,M,658.3010,1,658.30,f0a2dd5d,XADF
2025-10-16 19:36:38.776,M,658.2450,1,658.24,b86932fb,XADF
2025-10-16 19:36:38.423,M,658.2592,1,658.26,0d6c40ec,XADF
2025-10-16 19:36:35.807,A,658.2885,1,658.29,a0af11c7,XADF
2025-10-16 19:36:30.964,M,658.2607,1,658.26,fd9e0b03,XADF
2025-10-16 19:36:29.027,M,658.1904,30,19745.71,3e003b44,XADF
2025-10-16 19:36:26.448,M,658.1905,1,658.19,35c58a08,XADF
2025-10-16 19:36:26.241,A,658.2290,1,658.23,ebf2a09e,XADF
2025-10-16 19:36:25.894,M,658.2497,1,658.25,b8929255,XADF
2025-10-16 19:36:23.672,M,658.2595,1,658.26,c7d14ce5,XADF
2025-10-16 19:36:22.096,A,658.2887,1,658.29,b5722fc9,XADF
2025-10-16 19:36:20.314,M,658.3095,1,658.31,26e25ea5,XADF
2025-10-16 19:36:19.012,M,658.3299,50,32916.49,dd65422a,XADF
2025-10-16 19:36:18.632,M,658.3290,1,658.33,054eaf16,XADF
2025-10-16 19:36:18.620,M,658.3300,1,658.33,ed7e8484,XADF
2025-10-16 19:36:18.494,M,658.3697,1,658.37,d99ee9a7,XADF
2025-10-16 19:36:18.492,A,658.3795,1,658.38,961c9053,XADF
2025-10-16 19:36:18.490,A,658.3990,1,658.40,36af5679,XADF
2025-10-16 19:36:18.490,A,658.4087,1,658.41,dd6629d0,XADF
2025-10-16 19:36:18.260,M,658.4285,1,658.43,8d1f646c,XADF
2025-10-16 19:36:17.621,M,658.4100,1,658.41,d892034b,XADF
2025-10-16 19:36:16.184,M,658.4480,1,658.45,bc117e62,XADF
2025-10-16 19:36:13.445,B,658.4300,14,9218.02,c93d98cd,XADF
2025-10-16 19:36:00.276,M,658.4820,1,658.48,eb01b160,XADF
2025-10-16 19:36:00.274,B,658.4512,1,658.45,70fc7dbc,XADF
2025-10-16 19:35:56.452,M,658.4450,1,658.44,a24fa752,XADF
2025-10-16 19:35:52.048,M,658.4317,1,658.43,59596c72,XADF
2025-10-16 19:35:51.182,M,658.4312,1,658.43,3eb439d2,XADF
2025-10-16 19:35:50.620,M,658.3950,1,658.40,31a20587,XADF
2025-10-16 19:35:38.592,M,658.4017,1,658.40,0d2bfcde,XADF
2025-10-16 19:35:37.066,A,658.4300,2,1316.86,6aab1623,XADF
2025-10-16 19:35:35.984,M,658.3795,1,658.38,31b85a16,XADF
2025-10-16 19:35:30.943,M,658.3892,1,658.39,d271232b,XADF
2025-10-16 19:35:30.124,M,658.3795,1,658.38,9978162d,XADF
2025-10-16 19:35:29.882,M,658.4096,10,6584.10,a206a37f,XADF
2025-10-16 19:35:27.993,M,658.4087,1,658.41,9ce1e3a2,XADF
2025-10-16 19:35:27.667,M,658.3990,1,658.40,47b4d5d5,XADF
2025-10-16 19:35:26.294,M,658.4287,1,658.43,2a85760f,XADF
2025-10-16 19:35:26.091,A,658.4587,1,658.46,3f9b2d8a,XADF
2025-10-16 19:35:24.309,M,658.4790,1,658.48,f964ca0f,XADF
2025-10-16 19:35:18.829,M,658.5212,121,79681.07,1fbdf656,XADF
2025-10-16 19:35:18.828,M,658.5212,179,117875.29,ce6a4d1e,XADF
2025-10-16 19:35:16.604,M,658.5015,1,658.50,62d48a41,XADF
2025-10-16 19:35:16.593,B,658.5000,6,3951.00,c3002ea0,XADF
2025-10-16 19:35:11.305,A,658.5300,1,658.53,6e7e5d59,XADF
2025-10-16 19:35:08.764,M,658.4810,1,658.48,bd21c540,XADF
2025-10-16 19:35:07.278,M,658.4617,1,658.46,d0a94f97,XADF
2025-10-16 19:35:07.275,B,658.4417,1,658.44,6378b3bf,XADF
2025-10-16 19:35:05.793,B,658.4215,1,658.42,8b208785,XADF
2025-10-16 19:34:57.029,M,658.3990,1,658.40,e3050343,XADF
2025-10-16 19:34:56.657,M,658.4185,1,658.42,b82250d4,XADF
2025-10-16 19:34:56.169,A,658.4200,1,658.42,c7895caf,XADF
2025-10-16 19:34:55.706,M,658.4087,1,658.41,95e25ed9,XADF
2025-10-16 19:34:55.523,M,658.3950,1,658.40,3fffabea,XADF
2025-10-16 19:34:54.623,M,658.3950,1,658.40,c3f9d16a,XADF
2025-10-16 19:34:52.839,A,658.4385,1,658.44,5511567a,XADF
2025-10-16 19:34:52.653,A,658.4587,1,658.46,2acbd8fc,XADF
2025-10-16 19:34:52.026,M,658.4450,1,658.44,7a47917f,XADF
2025-10-16 19:34:50.861,A,658.4800,1,658.48,03eb6a45,XADF
2025-10-16 19:34:47.928,M,658.4787,1,658.48,3ec6a590,XADF
2025-10-16 19:34:47.769,A,658.4900,100,65849.00,e35d785c,XADF
2025-10-16 19:34:38.417,M,658.5050,1,658.50,baf8bb07,XADF
2025-10-16 19:34:31.933,M,658.5288,1,658.53,77e5bba9,XADF
2025-10-16 19:34:31.924,M,658.5000,1,658.50,b2208604,XADF
2025-10-16 19:34:29.483,M,658.5015,1,658.50,9a7b8f74,XADF
2025-10-16 19:34:26.391,M,658.4812,1,658.48,1c18896c,XADF
2025-10-16 19:34:16.005,M,658.4590,1,658.46,e7a2d681,XADF
2025-10-16 19:34:10.884,A,658.4900,24,15803.76,23e93075,XADF
2025-10-16 19:34:05.373,M,658.5291,23,15146.17,033bb8e9,XADF
2025-10-16 19:34:00.132,M,658.5107,1,658.51,b6a75458,XADF
2025-10-16 19:33:57.186,M,658.4517,1,658.45,55bc9759,XADF
2025-10-16 19:33:55.977,M,658.4810,1,658.48,4dc32176,XADF
2025-10-16 19:33:55.964,B,658.4215,1,658.42,728aa7cc,XADF
2025-10-16 19:33:52.855,M,658.3997,1,658.40,f4bbce6d,XADF
2025-10-16 19:33:52.853,M,658.3997,1,658.40,8e02a4db,XADF
2025-10-16 19:33:52.852,M,658.3997,1,658.40,f625b0ae,XADF
2025-10-16 19:33:52.711,M,658.4250,1,658.42,84242a4f,XADF
2025-10-16 19:33:52.334,M,658.4599,2,1316.92,3f18a17c,XADF
2025-10-16 19:33:51.110,A,658.4800,5,3292.40,12cca7eb,XADF
2025-10-16 19:33:46.414,M,658.4500,1,658.45,4d82bfbb,XADF
2025-10-16 19:33:46.288,A,658.4800,7,4609.36,516128bf,XADF
2025-10-16 19:33:28.606,M,658.4717,1,658.47,ab280821,XADF
2025-10-16 19:33:27.930,M,658.4900,1,658.49,0eee904f,XADF
2025-10-16 19:33:27.579,B,658.4517,1,658.45,4e4497ca,XADF
2025-10-16 19:33:24.464,M,658.4315,1,658.43,8ceda413,XADF
2025-10-16 19:33:24.153,M,658.4550,1,658.46,5af7de59,XADF
2025-10-16 19:33:20.588,M,658.4550,1,658.46,2aa0b730,XADF
2025-10-16 19:33:15.055,M,658.4017,1,658.40,1378e61b,XADF
2025-10-16 19:33:13.819,M,658.4117,1,658.41,d1ce7cc2,XADF
2025-10-16 19:33:12.519,M,658.4250,1,658.42,a5f2aa25,XADF
2025-10-16 19:33:12.291,M,658.4115,1,658.41,1dd030f5,XADF
2025-10-16 19:33:10.418,A,658.3800,3,1975.14,955ab575,XADF
2025-10-16 19:33:09.624,M,658.3350,1,658.34,4bf94794,XADF
2025-10-16 19:33:09.411,M,658.3287,1,658.33,51683a91,XADF
2025-10-16 19:33:09.411,M,658.3287,1,658.33,cc7bba1f,XADF
2025-10-16 19:33:09.409,A,658.3680,1,658.37,e3cc8a95,XADF
2025-10-16 19:33:09.077,M,658.3885,1,658.39,3e42c53a,XADF
2025-10-16 19:33:09.021,M,658.3900,1,658.39,18562571,XADF
2025-10-16 19:33:07.109,M,658.4000,25,16460.00,2b1e0b7a,XADF
2025-10-16 19:33:00.174,M,658.4087,1,658.41,0bea1a5c,XADF
2025-10-16 19:32:53.379,M,658.4350,1,658.44,72c81e2b,XADF
2025-10-16 19:32:49.346,A,658.4700,1,658.47,a69c6c26,XADF
2025-10-16 19:32:46.514,M,658.4550,1,658.46,5287a2e7,XADF
2025-10-16 19:32:46.202,M,658.4312,1,658.43,e52f83df,XADF
2025-10-16 19:32:30.240,M,658.4087,1,658.41,68b03f4b,XADF
2025-10-16 19:32:29.062,M,658.4285,1,658.43,e9169dfc,XADF
2025-10-16 19:32:25.321,A,658.5000,2,1317.00,0fb48b1c,XADF
2025-10-16 19:32:25.274,M,658.4610,1,658.46,d1aba961,XADF
2025-10-16 19:32:24.401,M,658.4317,1,658.43,99ec26e8,XADF
2025-10-16 19:32:20.997,M,658.4112,1,658.41,7cc02adf,XADF
2025-10-16 19:32:20.456,B,658.3917,1,658.39,6bfefe6a,XADF
2025-10-16 19:32:17.508,M,658.3712,1,658.37,7baa97fb,XADF
2025-10-16 19:32:12.215,M,658.2717,1,658.27,6725b94e,XADF
2025-10-16 19:32:11.233,M,658.3485,1,658.35,4d9b0e6e,XADF
2025-10-16 19:32:11.219,A,658.3500,7,4608.45,ee4b7697,XADF
2025-10-16 19:32:11.088,M,658.3690,1,658.37,3ddd7f1f,XADF
2025-10-16 19:32:10.422,M,658.3790,1,658.38,cf230f32,XADF
2025-10-16 19:32:07.208,M,658.3900,1,658.39,a3f08e89,XADF
2025-10-16 19:32:06.673,M,658.3604,2,1316.72,cf8aad88,XADF
2025-10-16 19:32:06.250,M,658.4200,1,658.42,7be48836,XADF
2025-10-16 19:32:04.929,M,658.4200,1,658.42,9cd604c3,XADF
2025-10-16 19:32:04.752,M,658.4115,1,658.41,f09ef98f,XADF
2025-10-16 19:32:02.778,M,658.3912,1,658.39,a5e9737c,XADF
2025-10-16 19:32:00.416,B,658.3450,1,658.34,1da34d40,XADF
2025-10-16 19:31:59.838,M,658.3713,254,167226.31,93902a84,XADF
2025-10-16 19:31:58.869,A,658.3800,1,658.38,11ba0384,XADF
2025-10-16 19:31:49.229,A,658.3687,1,658.37,b5a7b560,XADF
2025-10-16 19:31:43.020,M,658.3950,1,658.40,cb6f781c,XADF
2025-10-16 19:31:40.923,M,658.3950,1,658.40,3de3e0d4,XADF
2025-10-16 19:31:35.080,A,658.4600,2,1316.92,208c7c63,XADF
2025-10-16 19:31:33.517,M,658.4150,1,658.42,7c151a3c,XADF
2025-10-16 19:31:27.690,M,658.3850,1,658.38,a87421c8,XADF
2025-10-16 19:31:27.459,M,658.3917,1,658.39,604193d3,XADF
2025-10-16 19:31:27.458,B,658.3710,1,658.37,140c3459,XADF
2025-10-16 19:31:27.112,M,658.3991,1,658.40,aa379e90,XADF
2025-10-16 19:31:25.623,M,658.3850,1,658.38,04e0e497,XADF
2025-10-16 19:31:21.361,M,658.3610,1,658.36,4af380d5,XADF
2025-10-16 19:31:18.018,M,658.3310,1,658.33,b49b5a1e,XADF
2025-10-16 19:31:14.614,M,658.2911,1,658.29,53340c0d,XADF
2025-10-16 19:31:13.074,M,658.3312,1,658.33,4576b5ef,XADF
2025-10-16 19:31:12.941,M,658.3015,1,658.30,3453d836,XADF
2025-10-16 19:31:12.738,M,658.2815,1,658.28,fb892fc2,XADF
2025-10-16 19:31:11.516,M,658.2607,1,658.26,383183ed,XADF
2025-10-16 19:31:08.282,M,658.2317,1,658.23,fc1de3e5,XADF
2025-10-16 19:31:07.713,M,658.2450,1,658.24,8b0fd145,XADF
2025-10-16 19:31:06.814,A,658.2600,1,658.26,f475f896,XADF
2025-10-16 19:31:06.794,A,658.2600,50,32913.00,23f9c3e9,XADF
2025-10-16 19:31:05.433,M,658.2115,1,658.21,a0ef286a,XADF
2025-10-16 19:31:04.367,M,658.2417,1,658.24,d68090d2,XADF
2025-10-16 19:31:04.332,M,658.2010,1,658.20,95838269,XADF
2025-10-16 19:31:03.839,M,658.1812,1,658.18,4e1fadb4,XADF
2025-10-16 19:31:03.334,B,658.1417,1,658.14,0465b1e6,XADF
2025-10-16 19:31:02.389,A,658.2100,2,1316.42,cce3134c,XADF
2025-10-16 19:31:00.181,M,658.1202,1,658.12,e70a39dc,XADF
2025-10-16 19:30:58.508,M,658.1100,1,658.11,8bedc286,XADF
2025-10-16 19:30:55.414,M,658.1150,1,658.12,6eaa20f1,XADF
2025-10-16 19:30:54.841,M,658.1004,14,9213.41,25666d88,XADF
2025-10-16 19:30:51.632,M,658.0704,70,46064.93,0b23062a,XADF
2025-10-16 19:30:46.535,A,658.1300,50,32906.50,eaec6187,XADF
2025-10-16 19:30:43.746,M,658.0887,1,658.09,cc3e011f,XADF
2025-10-16 19:30:42.272,A,658.1087,1,658.11,5445533a,XADF
2025-10-16 19:30:42.078,M,658.1287,1,658.13,16785163,XADF
2025-10-16 19:30:39.513,M,658.1350,1,658.14,144eeeab,XADF
2025-10-16 19:30:33.823,A,658.1400,1,658.14,4b03fe35,XADF
2025-10-16 19:30:33.666,A,658.1482,1,658.15,22173850,XADF
2025-10-16 19:30:32.576,A,658.1685,1,658.17,0a80c403,XADF
2025-10-16 19:30:30.547,M,658.2112,1,658.21,0661d239,XADF
2025-10-16 19:30:24.116,B,658.1710,1,658.17,6a9fbf0b,XADF
2025-10-16 19:30:22.140,B,658.1300,16,10530.08,f29cf016,XADF
2025-10-16 19:30:20.998,M,658.1612,1,658.16,fa0b617a,XADF
2025-10-16 19:30:20.942,B,658.1312,1,658.13,7546b0cb,XADF
2025-10-16 19:30:15.194,A,658.0982,1,658.10,d0f70ba4,XADF
2025-10-16 19:30:13.568,M,658.1195,1,658.12,9f256c9a,XADF
2025-10-16 19:30:12.990,M,658.1292,1,658.13,bbb61643,XADF
2025-10-16 19:30:12.990,M,658.1487,1,658.15,0c71b851,XADF
2025-10-16 19:30:11.430,M,658.1650,1,658.16,56dcf912,XADF
2025-10-16 19:30:11.121,M,658.1950,1,658.20,c9673c87,XADF
2025-10-16 19:30:06.037,M,658.1999,10,6582.00,2ada59e4,XADF
2025-10-16 19:30:05.134,M,658.2085,10,6582.08,5cd4fa84,XADF
2025-10-16 19:30:04.137,M,658.1812,1,658.18,e95a429e,XADF
2025-10-16 19:30:01.842,A,658.1600,1,658.16,bcffde99,XADF
2025-10-16 19:30:01.422,A,658.1600,10,6581.60,09b13b17,XADF
2025-10-16 19:29:59.763,M,658.1292,1,658.13,94baab5a,XADF
2025-10-16 19:29:57.473,M,658.1587,1,658.16,3e788701,XADF
2025-10-16 19:29:53.942,A,658.1800,5,3290.90,a82e7711,XADF
2025-10-16 19:29:53.434,M,658.1550,1,658.16,906f7847,XADF
2025-10-16 19:29:52.502,M,658.1985,1,658.20,b0b0f016,XADF
2025-10-16 19:29:52.016,M,658.1700,1,658.17,a099861d,XADF
2025-10-16 19:29:49.329,M,658.1592,1,658.16,07bb047e,XADF
2025-10-16 19:29:49.131,M,658.1989,1,658.20,dc12a431,XADF
2025-10-16 19:29:48.563,M,658.2082,1,658.21,b0038578,XADF
2025-10-16 19:29:48.177,A,658.2085,1,658.21,d93e1e40,XADF
2025-10-16 19:29:47.692,M,658.2287,1,658.23,d4a27d78,XADF
2025-10-16 19:29:35.567,M,658.2590,1,658.26,0ec1e4d8,XADF
2025-10-16 19:29:31.120,M,658.3500,10,6583.50,f6eeeddb,XADF
2025-10-16 19:29:27.534,B,658.2620,1,658.26,f3691d95,XADF
2025-10-16 19:29:27.534,M,658.2815,1,658.28,a4973318,XADF
2025-10-16 19:29:27.023,M,658.2700,1,658.27,05e57b50,XADF
2025-10-16 19:29:24.255,M,658.2412,1,658.24,6ffc164a,XADF
2025-10-16 19:29:19.348,M,658.2800,1,658.28,9efe8389,XADF
2025-10-16 19:29:19.216,A,658.3100,3,1974.93,3dbf3cf3,XADF
2025-10-16 19:29:18.980,M,658.2950,1,658.30,5cfcd1f8,XADF
2025-10-16 19:29:17.616,M,658.2502,1,658.25,0fb39aa5,XADF
2025-10-16 19:29:16.918,M,658.2502,1,658.25,d67cca2a,XADF
2025-10-16 19:29:16.540,M,658.2307,1,658.23,f2b78817,XADF
2025-10-16 19:29:15.609,M,658.1590,1,658.16,8d45a53e,XADF
2025-10-16 19:29:15.538,M,658.1885,1,658.19,3d014075,XADF
2025-10-16 19:29:10.975,M,658.2194,10,6582.19,b78ebb27,XADF
2025-10-16 19:29:07.214,A,658.2400,1,658.24,8c931525,XADF
2025-10-16 19:29:01.854,A,658.2300,10,6582.30,4548e5cb,XADF
2025-10-16 19:29:00.802,A,658.2500,5,3291.25,e83a2937,XADF
2025-10-16 19:29:00.565,M,658.1980,1,658.20,5f7e1a7e,XADF
2025-10-16 19:28:55.133,A,658.2200,1,658.22,0ca8af3e,XADF
2025-10-16 19:28:54.210,M,658.2197,1,658.22,8e42fc40,XADF
2025-10-16 19:28:47.910,M,658.2499,400,263299.96,0efd82da,XADF
2025-10-16 19:28:46.840,M,658.2499,10,6582.50,964cd7e4,XADF
2025-10-16 19:28:44.261,M,658.2197,1,658.22,02efd323,XADF
2025-10-16 19:28:44.221,M,658.2400,1,658.24,14494379,XADF
2025-10-16 19:28:44.146,M,658.2392,1,658.24,0c6311e2,XADF
2025-10-16 19:28:43.292,M,658.2587,1,658.26,3634d3e4,XADF
2025-10-16 19:28:42.129,M,658.2500,1,658.25,0c612b57,XADF
2025-10-16 19:28:41.662,M,658.2201,7,4607.54,bc135d3f,XADF
2025-10-16 19:28:41.651,M,658.2687,1,658.27,154b8257,XADF
2025-10-16 19:28:40.215,M,658.2500,1,658.25,1fffe6a4,XADF
2025-10-16 19:28:38.977,M,658.2787,1,658.28,084d0edf,XADF
2025-10-16 19:28:30.893,M,658.2890,1,658.29,a0825ac8,XADF
2025-10-16 19:28:27.570,M,658.2890,1,658.29,44762ae6,XADF
2025-10-16 19:28:26.422,M,658.3150,1,658.32,a55312f0,XADF
2025-10-16 19:28:17.714,M,658.2900,1,658.29,733ccf86,XADF
2025-10-16 19:28:16.517,M,658.2890,1,658.29,ac9f0a4c,XADF
2025-10-16 19:28:16.254,M,658.3185,1,658.32,4926c02c,XADF
2025-10-16 19:28:15.110,M,658.3185,1,658.32,22500d7f,XADF
2025-10-16 19:28:12.243,M,658.3182,1,658.32,8a918ab4,XADF
2025-10-16 19:28:12.213,M,658.3477,1,658.35,eb1ed1a5,XADF
2025-10-16 19:28:12.031,A,658.3680,1,658.37,0115ab53,XADF
2025-10-16 19:28:10.781,M,658.3895,1,658.39,971e1793,XADF
2025-10-16 19:28:05.096,A,658.4500,10,6584.50,ff557a28,XADF
2025-10-16 19:27:55.365,M,658.4115,1,658.41,d5f7695a,XADF
2025-10-16 19:27:54.825,M,658.3912,1,658.39,933c7bd6,XADF
2025-10-16 19:27:54.482,M,658.4050,1,658.40,34f55e96,XADF
2025-10-16 19:27:53.230,M,658.3712,1,658.37,ab221f78,XADF
2025-10-16 19:27:53.150,A,658.4200,1,658.42,c2a5e6b1,XADF
2025-10-16 19:27:49.841,M,658.3517,1,658.35,0cbda80d,XADF
2025-10-16 19:27:49.828,B,658.3315,1,658.33,93585cd4,XADF
2025-10-16 19:27:47.764,A,658.2900,2,1316.58,04f38ec4,XADF
2025-10-16 19:27:47.326,M,658.2885,1,658.29,2e792b09,XADF
2025-10-16 19:27:46.184,M,658.2887,1,658.29,af9a3991,XADF
2025-10-16 19:27:45.113,M,658.2887,1,658.29,6643861a,XADF
2025-10-16 19:27:43.623,M,658.2600,1,658.26,f0bddba4,XADF
2025-10-16 19:27:42.971,M,658.2885,1,658.29,141ea783,XADF
2025-10-16 19:27:41.750,A,658.2900,2,1316.58,dacf08d1,XADF
2025-10-16 19:27:40.984,M,658.3185,1,658.32,bd581883,XADF
2025-10-16 19:27:38.868,M,658.3285,1,658.33,f0453d9a,XADF
2025-10-16 19:27:37.233,M,658.3687,1,658.37,07bed855,XADF
2025-10-16 19:27:36.304,M,658.3687,1,658.37,0276a32b,XADF
2025-10-16 19:27:34.296,M,658.3785,1,658.38,5bd340d7,XADF
2025-10-16 19:27:34.145,A,658.3700,1,658.37,e691c67e,XADF
2025-10-16 19:27:33.947,M,658.3187,1,658.32,3858789f,XADF
2025-10-16 19:27:33.933,A,658.3687,1,658.37,375f689f,XADF
2025-10-16 19:27:32.461,M,658.3987,1,658.40,c7aa35af,XADF
2025-10-16 19:27:32.454,A,658.4192,1,658.42,0cfc0788,XADF
2025-10-16 19:27:29.086,M,658.4485,1,658.45,c274fd11,XADF
2025-10-16 19:27:25.631,M,658.4390,1,658.44,0f45cd79,XADF
2025-10-16 19:27:25.616,A,658.4400,1,658.44,5c6c6286,XADF
2025-10-16 19:27:25.585,A,658.4700,1,658.47,1419179f,XADF
2025-10-16 19:27:25.405,M,658.4667,10,6584.67,9c5fadce,XADF
2025-10-16 19:27:23.462,M,658.4685,1,658.47,d8ece2a3,XADF
2025-10-16 19:27:22.940,M,658.4690,1,658.47,641f34e1,XADF
2025-10-16 19:27:22.525,M,658.5090,1,658.51,732f86e5,XADF
2025-10-16 19:27:17.605,A,658.4895,1,658.49,5719022f,XADF
2025-10-16 19:27:17.276,M,658.4992,1,658.50,4de5083b,XADF
2025-10-16 19:27:17.060,M,658.5582,1,658.56,e488d28a,XADF
2025-10-16 19:27:13.817,M,658.5400,1,658.54,8bd1e2fb,XADF
2025-10-16 19:27:12.809,M,658.5699,100,65856.99,6cfdddf1,XADF
2025-10-16 19:27:10.775,M,658.5625,3,1975.69,70af54ec,XADF
2025-10-16 19:27:09.342,A,658.5800,2,1317.16,04559c26,XADF
2025-10-16 19:27:09.176,A,658.5800,1,658.58,9fdfc145,XADF
2025-10-16 19:27:06.783,A,658.5700,10,6585.70,5a06bfcd,XADF
2025-10-16 19:27:04.720,M,658.5650,1,658.56,58908528,XADF
2025-10-16 19:27:04.232,M,658.5697,1,658.57,8ec27a74,XADF
2025-10-16 19:27:04.228,M,658.5650,1,658.56,9a59de20,XADF
2025-10-16 19:27:03.602,M,658.5697,1,658.57,a85aff50,XADF
2025-10-16 19:27:03.395,A,658.6090,1,658.61,882ac037,XADF
2025-10-16 19:27:03.263,M,658.6198,1,658.62,772363a8,XADF
2025-10-16 19:26:56.351,M,658.6502,1,658.65,4f70942e,XADF
2025-10-16 19:26:56.349,M,658.6502,1,658.65,0ec61f4b,XADF
2025-10-16 19:26:49.898,M,658.6015,1,658.60,0b710883,XADF
2025-10-16 19:26:37.617,M,658.5900,1,658.59,44dc6cda,XADF
2025-10-16 19:26:37.468,M,658.5717,1,658.57,2f8ffbfd,XADF
2025-10-16 19:26:37.290,B,658.5517,1,658.55,21aed138,XADF
2025-10-16 19:26:36.086,A,658.6000,1,658.60,e11522be,XADF
2025-10-16 19:26:33.219,M,658.5500,1,658.55,77c3970d,XADF
2025-10-16 19:26:30.009,M,658.5190,1,658.52,ed505679,XADF
2025-10-16 19:26:26.244,M,658.5520,1,658.55,2db38319,XADF
2025-10-16 19:26:24.991,M,658.5302,1,658.53,5b795bb4,XADF
2025-10-16 19:26:22.752,M,658.5205,1,658.52,529a47bd,XADF
2025-10-16 19:26:20.180,M,658.4912,1,658.49,81f6d96f,XADF
2025-10-16 19:26:10.976,M,658.4915,1,658.49,925ef0ca,XADF
2025-10-16 19:26:10.174,A,658.5300,1,658.53,788fdca9,XADF
2025-10-16 19:26:09.642,M,658.4717,1,658.47,4f45ffbf,XADF
2025-10-16 19:26:08.507,M,658.4620,1,658.46,ae6e8156,XADF
2025-10-16 19:26:07.507,M,658.4620,1,658.46,906ccfa6,XADF
2025-10-16 19:26:05.155,A,658.5300,30,19755.90,79c0949f,XADF
2025-10-16 19:26:05.117,A,658.5300,10,6585.30,21bf03eb,XADF
2025-10-16 19:25:59.826,M,658.3672,1,658.37,dd6200ec,XADF
2025-10-16 19:25:59.063,M,658.2792,1,658.28,5307dd4e,XADF
2025-10-16 19:25:58.916,A,658.3392,1,658.34,19e72a9a,XADF
2025-10-16 19:25:58.915,A,658.3587,1,658.36,e108e549,XADF
2025-10-16 19:25:58.863,M,658.3780,1,658.38,39c9e5f7,XADF
2025-10-16 19:25:58.858,A,658.3992,1,658.40,94f11076,XADF
2025-10-16 19:25:58.443,A,658.4500,1,658.45,d055e510,XADF
2025-10-16 19:25:57.845,M,658.4490,1,658.45,933d3002,XADF
2025-10-16 19:25:56.715,M,658.4790,1,658.48,2a4c73e9,XADF
2025-10-16 19:25:55.216,M,658.4980,1,658.50,57e99d18,XADF
2025-10-16 19:25:55.197,M,658.5195,1,658.52,232bcc4d,XADF
2025-10-16 19:25:55.164,M,658.5292,1,658.53,0f1b452c,XADF
2025-10-16 19:25:55.163,M,658.5292,1,658.53,1818fb29,XADF
2025-10-16 19:25:53.692,M,658.5782,1,658.58,c2f22ecf,XADF
2025-10-16 19:25:51.993,M,658.5785,1,658.58,80ec21bb,XADF
2025-10-16 19:25:49.594,B,658.5500,8,5268.40,6e4cbcce,XADF
2025-10-16 19:25:47.179,A,658.6100,1,658.61,ef56e702,XADF
2025-10-16 19:25:46.759,M,658.5982,1,658.60,e92a0618,XADF
2025-10-16 19:25:44.041,M,658.6185,1,658.62,bf67ba98,XADF
2025-10-16 19:25:41.585,M,658.6190,1,658.62,1c86a140,XADF
2025-10-16 19:25:39.514,B,658.5800,1,658.58,d6db7325,XADF
2025-10-16 19:25:38.952,M,658.6292,1,658.63,efa1ea2d,XADF
2025-10-16 19:25:36.220,M,658.6500,1,658.65,a00d58e7,XADF
2025-10-16 19:25:32.793,M,658.6590,1,658.66,1f0c651f,XADF
2025-10-16 19:25:30.909,B,658.6500,1,658.65,caf031ba,XADF
2025-10-16 19:25:30.576,M,658.6785,1,658.68,879f4984,XADF
2025-10-16 19:25:29.216,M,658.6787,300,197603.61,1ac0b8f8,XADF
2025-10-16 19:25:28.948,M,658.6600,1,658.66,4f150544,XADF
2025-10-16 19:25:26.539,M,658.6787,1,658.68,b3e4896d,XADF
2025-10-16 19:25:24.824,M,658.6895,1,658.69,88c0f040,XADF
2025-10-16 19:25:24.303,M,658.7382,1,658.74,8533d1e6,XADF
2025-10-16 19:25:23.285,A,658.7600,2,1317.52,67081754,XADF
2025-10-16 19:25:20.749,M,658.7417,1,658.74,653da21d,XADF
2025-10-16 19:25:20.612,M,658.7615,1,658.76,079c9c75,XADF
2025-10-16 19:25:20.448,B,658.7417,1,658.74,bd19c76c,XADF
2025-10-16 19:25:18.976,M,658.7215,1,658.72,5f6e036a,XADF
2025-10-16 19:25:18.974,B,658.6902,1,658.69,8d93c2d6,XADF
2025-10-16 19:25:15.821,M,658.6587,1,658.66,48b40925,XADF
2025-10-16 19:25:14.959,M,658.6890,1,658.69,37a99f31,XADF
2025-10-16 19:25:11.920,A,658.7600,3,1976.28,60ffda6b,XADF
2025-10-16 19:25:08.745,M,658.6987,1,658.70,b3418906,XADF
2025-10-16 19:25:01.917,M,658.6800,1,658.68,8e8a8b85,XADF
2025-10-16 19:25:01.403,M,658.7087,1,658.71,25cb14fe,XADF
2025-10-16 19:24:54.129,M,658.7385,1,658.74,9ba21c22,XADF
2025-10-16 19:24:53.682,M,658.7584,1,658.76,9dc250c7,XADF
2025-10-16 19:24:41.938,M,658.7350,1,658.74,55cd2311,XADF
2025-10-16 19:24:41.826,M,658.7580,1,658.76,497d4fc8,XADF
2025-10-16 19:24:41.678,M,658.7782,1,658.78,3d53d64c,XADF
2025-10-16 19:24:35.313,M,658.8300,1,658.83,1b0e2e54,XADF
2025-10-16 19:24:31.584,B,658.8000,6,3952.80,7aee408c,XADF
2025-10-16 19:24:30.471,B,658.8015,1,658.80,afceecf6,XADF
2025-10-16 19:24:22.298,M,658.7807,1,658.78,fcd67640,XADF
2025-10-16 19:24:12.277,M,658.7400,18,11857.32,b811641f,XADF
2025-10-16 19:24:08.822,M,658.7550,1,658.76,9f3878e3,XADF
2025-10-16 19:23:56.719,M,658.7800,1,658.78,dcf0916f,XADF
2025-10-16 19:23:49.584,B,658.7615,1,658.76,1ed65399,XADF
2025-10-16 19:23:46.777,M,658.7415,1,658.74,dfa3dedc,XADF
2025-10-16 19:23:44.117,M,658.7767,15,9881.65,cd8d3e26,XADF
2025-10-16 19:23:43.825,M,658.7200,1,658.72,880f768a,XADF
2025-10-16 19:23:41.459,M,658.7295,62,40841.23,4b2f8a91,XADF
2025-10-16 19:23:41.313,M,658.7185,1,658.72,4f12c1e0,XADF
2025-10-16 19:23:38.171,M,658.7385,1,658.74,5c27788d,XADF
2025-10-16 19:23:35.921,M,658.7350,1,658.74,32ba15a9,XADF
2025-10-16 19:23:32.244,B,658.7300,50,32936.50,75a88984,XADF
2025-10-16 19:23:29.767,M,658.7307,2,1317.46,f75c67f0,XADF
2025-10-16 19:23:27.698,M,658.7582,1,658.76,bb446513,XADF
2025-10-16 19:23:25.830,M,658.7785,1,658.78,fe8c2d60,XADF
2025-10-16 19:23:24.838,M,658.7995,1,658.80,8b6dec8c,XADF
2025-10-16 19:23:22.487,M,658.8190,1,658.82,510d05b6,XADF
2025-10-16 19:23:14.701,A,658.8392,1,658.84,803c1064,XADF
2025-10-16 19:23:13.319,M,658.8500,1,658.85,0413ece5,XADF
2025-10-16 19:23:10.562,M,658.8585,1,658.86,d3907bae,XADF
2025-10-16 19:23:06.833,M,658.8782,1,658.88,7f144ad2,XADF
2025-10-16 19:23:03.963,M,658.8795,1,658.88,17eb7a23,XADF
2025-10-16 19:23:03.887,A,658.9187,1,658.92,645361d9,XADF
2025-10-16 19:23:03.785,M,658.9382,1,658.94,82b45c63,XADF
2025-10-16 19:23:02.537,M,658.9300,1,658.93,3b58e57c,XADF
2025-10-16 19:23:00.813,A,658.9800,1,658.98,95998f51,XADF
2025-10-16 19:22:58.891,A,658.9800,1,658.98,25a4b89f,XADF
2025-10-16 19:22:53.617,M,658.9350,1,658.94,6de9be45,XADF
2025-10-16 19:22:45.550,A,658.9800,1,658.98,2c6fe8a7,XADF
2025-10-16 19:22:42.109,A,658.9900,10,6589.90,03e5e077,XADF
2025-10-16 19:22:34.500,M,658.9500,1,658.95,dd2e6b6a,XADF
2025-10-16 19:22:29.617,M,658.9500,1,658.95,1fae5209,XADF
2025-10-16 19:22:28.512,M,658.9500,1,658.95,af627e25,XADF
2025-10-16 19:22:28.302,M,658.9600,1,658.96,1672baf7,XADF
2025-10-16 19:22:19.655,M,658.9607,1,658.96,bf49ee04,XADF
2025-10-16 19:22:19.654,M,658.9607,1,658.96,129e1199,XADF
2025-10-16 19:22:15.792,B,658.9300,14,9225.02,6698cc97,XADF
2025-10-16 19:22:15.767,M,658.9301,1,658.93,2a665d89,XADF
2025-10-16 19:22:14.667,A,658.9900,5,3294.95,5e652230,XADF
2025-10-16 19:22:12.604,M,658.9315,1,658.93,6a0ff5d8,XADF
2025-10-16 19:22:11.509,M,658.9312,1,658.93,568edd36,XADF
2025-10-16 19:22:11.440,M,658.9112,1,658.91,fce1eb32,XADF
2025-10-16 19:22:11.436,B,658.8812,1,658.88,4e8ce2a5,XADF
2025-10-16 19:22:11.433,B,658.8407,1,658.84,84d17663,XADF
2025-10-16 19:22:07.837,M,658.8195,1,658.82,5a7e525d,XADF
2025-10-16 19:22:07.836,M,658.8195,1,658.82,dc0e09d3,XADF
2025-10-16 19:22:07.821,A,658.8390,1,658.84,8bc45060,XADF
2025-10-16 19:22:07.256,M,658.8400,1,658.84,58829a15,XADF
